[{"a":2739851482,"p":"34121.99000000","q":"0.18497000","f":3258766960,"l":3258766961,"T":1698351454441,"m":false,"M":true,"price":34121.99,"quantity":0.18497,"first_trade":3258766960,"last_trade":3258766961,"trade_time":1698351454441,"is_market_maker":false,"is_best_price_match":true},{"a":2739851483,"p":"34121.98000000","q":"0.00111000","f":3258766962,"l":3258766962,"T":1698351454448,"m":true,"M":true,"price":34121.98,"quantity":0.00111,"first_trade":3258766962,"last_trade":3258766962,"trade_time":1698351454448,"is_market_maker":true,"is_best_price_match":true},{"a":2739851484,"p":"34121.98000000","q":"0.12304000","f":3258766963,"l":3258766963,"T":1698351454489,"m":true,"M":true,"price":34121.98,"quantity":0.12304,"first_trade":3258766963,"last_trade":3258766963,"trade_time":1698351454489,"is_market_maker":true,"is_best_price_match":true},{"a":2739851485,"p":"34121.98000000","q":"0.00236000","f":3258766964,"l":3258766964,"T":1698351454548,"m":true,"M":true,"price":34121.98,"quantity":0.00236,"first_trade":3258766964,"last_trade":3258766964,"trade_time":1698351454548,"is_market_maker":true,"is_best_price_match":true},{"a":2739851486,"p":"34121.98000000","q":"0.01407000","f":3258766965,"l":3258766965,"T":1698351454676,"m":true,"M":true,"price":34121.98,"quantity":0.01407,"first_trade":3258766965,"last_trade":3258766965,"trade_time":1698351454676,"is_market_maker":true,"is_best_price_match":true},{"a":2739851487,"p":"34121.98000000","q":"0.00326000","f":3258766966,"l":3258766966,"T":1698351454690,"m":true,"M":true,"price":34121.98,"quantity":0.00326,"first_trade":3258766966,"last_trade":3258766966,"trade_time":1698351454690,"is_market_maker":true,"is_best_price_match":true},{"a":2739851488,"p":"34121.98000000","q":"0.00101000","f":3258766967,"l":3258766967,"T":1698351454708,"m":true,"M":true,"price":34121.98,"quantity":0.00101,"first_trade":3258766967,"last_trade":3258766967,"trade_time":1698351454708,"is_market_maker":true,"is_best_price_match":true},{"a":2739851489,"p":"34121.99000000","q":"0.00290000","f":3258766968,"l":3258766968,"T":1698351454718,"m":false,"M":true,"price":34121.99,"quantity":0.0029,"first_trade":3258766968,"last_trade":3258766968,"trade_time":1698351454718,"is_market_maker":false,"is_best_price_match":true},{"a":2739851490,"p":"34121.98000000","q":"0.01465000","f":3258766969,"l":3258766969,"T":1698351454933,"m":true,"M":true,"price":34121.98,"quantity":0.01465,"first_trade":3258766969,"last_trade":3258766969,"trade_time":1698351454933,"is_market_maker":true,"is_best_price_match":true},{"a":2739851491,"p":"34121.98000000","q":"0.00351000","f":3258766970,"l":3258766970,"T":1698351455220,"m":true,"M":true,"price":34121.98,"quantity":0.00351,"first_trade":3258766970,"last_trade":3258766970,"trade_time":1698351455220,"is_market_maker":true,"is_best_price_match":true},{"a":2739851492,"p":"34121.98000000","q":"0.00088000","f":3258766971,"l":3258766971,"T":1698351455223,"m":true,"M":true,"price":34121.98,"quantity":0.00088,"first_trade":3258766971,"last_trade":3258766971,"trade_time":1698351455223,"is_market_maker":true,"is_best_price_match":true},{"a":2739851493,"p":"34121.98000000","q":"0.00297000","f":3258766972,"l":3258766972,"T":1698351455224,"m":true,"M":true,"price":34121.98,"quantity":0.00297,"first_trade":3258766972,"last_trade":3258766972,"trade_time":1698351455224,"is_market_maker":true,"is_best_price_match":true},{"a":2739851494,"p":"34121.98000000","q":"0.00075000","f":3258766973,"l":3258766973,"T":1698351455256,"m":true,"M":true,"price":34121.98,"quantity":0.00075,"first_trade":3258766973,"last_trade":3258766973,"trade_time":1698351455256,"is_market_maker":true,"is_best_price_match":true},{"a":2739851495,"p":"34121.98000000","q":"0.00344000","f":3258766974,"l":3258766974,"T":1698351455318,"m":true,"M":true,"price":34121.98,"quantity":0.00344,"first_trade":3258766974,"last_trade":3258766974,"trade_time":1698351455318,"is_market_maker":true,"is_best_price_match":true},{"a":2739851496,"p":"34121.98000000","q":"0.00849000","f":3258766975,"l":3258766975,"T":1698351455371,"m":true,"M":true,"price":34121.98,"quantity":0.00849,"first_trade":3258766975,"last_trade":3258766975,"trade_time":1698351455371,"is_market_maker":true,"is_best_price_match":true},{"a":2739851497,"p":"34121.98000000","q":"0.00849000","f":3258766976,"l":3258766976,"T":1698351455403,"m":true,"M":true,"price":34121.98,"quantity":0.00849,"first_trade":3258766976,"last_trade":3258766976,"trade_time":1698351455403,"is_market_maker":true,"is_best_price_match":true},{"a":2739851498,"p":"34121.98000000","q":"0.00076000","f":3258766977,"l":3258766977,"T":1698351455463,"m":true,"M":true,"price":34121.98,"quantity":0.00076,"first_trade":3258766977,"last_trade":3258766977,"trade_time":1698351455463,"is_market_maker":true,"is_best_price_match":true},{"a":2739851499,"p":"34121.98000000","q":"0.01296000","f":3258766978,"l":3258766979,"T":1698351456018,"m":true,"M":true,"price":34121.98,"quantity":0.01296,"first_trade":3258766978,"last_trade":3258766979,"trade_time":1698351456018,"is_market_maker":true,"is_best_price_match":true},{"a":2739851500,"p":"34121.99000000","q":"0.10007000","f":3258766980,"l":3258766980,"T":1698351456313,"m":false,"M":true,"price":34121.99,"quantity":0.10007,"first_trade":3258766980,"last_trade":3258766980,"trade_time":1698351456313,"is_market_maker":false,"is_best_price_match":true},{"a":2739851501,"p":"34121.99000000","q":"0.05254000","f":3258766981,"l":3258766981,"T":1698351456773,"m":false,"M":true,"price":34121.99,"quantity":0.05254,"first_trade":3258766981,"last_trade":3258766981,"trade_time":1698351456773,"is_market_maker":false,"is_best_price_match":true},{"a":2739851502,"p":"34121.98000000","q":"0.00143000","f":3258766982,"l":3258766982,"T":1698351456818,"m":true,"M":true,"price":34121.98,"quantity":0.00143,"first_trade":3258766982,"last_trade":3258766982,"trade_time":1698351456818,"is_market_maker":true,"is_best_price_match":true},{"a":2739851503,"p":"34121.98000000","q":"0.00073000","f":3258766983,"l":3258766984,"T":1698351456929,"m":true,"M":true,"price":34121.98,"quantity":0.00073,"first_trade":3258766983,"last_trade":3258766984,"trade_time":1698351456929,"is_market_maker":true,"is_best_price_match":true},{"a":2739851504,"p":"34121.98000000","q":"0.00447000","f":3258766985,"l":3258766985,"T":1698351456978,"m":true,"M":true,"price":34121.98,"quantity":0.00447,"first_trade":3258766985,"last_trade":3258766985,"trade_time":1698351456978,"is_market_maker":true,"is_best_price_match":true},{"a":2739851505,"p":"34121.99000000","q":"0.00712000","f":3258766986,"l":3258766986,"T":1698351457204,"m":false,"M":true,"price":34121.99,"quantity":0.00712,"first_trade":3258766986,"last_trade":3258766986,"trade_time":1698351457204,"is_market_maker":false,"is_best_price_match":true},{"a":2739851506,"p":"34121.99000000","q":"0.00571000","f":3258766987,"l":3258766987,"T":1698351457209,"m":false,"M":true,"price":34121.99,"quantity":0.00571,"first_trade":3258766987,"last_trade":3258766987,"trade_time":1698351457209,"is_market_maker":false,"is_best_price_match":true},{"a":2739851507,"p":"34121.98000000","q":"0.00015000","f":3258766988,"l":3258766988,"T":1698351457459,"m":true,"M":true,"price":34121.98,"quantity":0.00015,"first_trade":3258766988,"last_trade":3258766988,"trade_time":1698351457459,"is_market_maker":true,"is_best_price_match":true},{"a":2739851508,"p":"34121.98000000","q":"0.15274000","f":3258766989,"l":3258766993,"T":1698351459001,"m":true,"M":true,"price":34121.98,"quantity":0.15274,"first_trade":3258766989,"last_trade":3258766993,"trade_time":1698351459001,"is_market_maker":true,"is_best_price_match":true},{"a":2739851509,"p":"34121.99000000","q":"0.00293000","f":3258766994,"l":3258766994,"T":1698351459193,"m":false,"M":true,"price":34121.99,"quantity":0.00293,"first_trade":3258766994,"last_trade":3258766994,"trade_time":1698351459193,"is_market_maker":false,"is_best_price_match":true},{"a":2739851510,"p":"34121.98000000","q":"0.00990000","f":3258766995,"l":3258766995,"T":1698351459237,"m":true,"M":true,"price":34121.98,"quantity":0.0099,"first_trade":3258766995,"last_trade":3258766995,"trade_time":1698351459237,"is_market_maker":true,"is_best_price_match":true},{"a":2739851511,"p":"34121.99000000","q":"0.00113000","f":3258766996,"l":3258766996,"T":1698351459528,"m":false,"M":true,"price":34121.99,"quantity":0.00113,"first_trade":3258766996,"last_trade":3258766996,"trade_time":1698351459528,"is_market_maker":false,"is_best_price_match":true},{"a":2739851512,"p":"34121.99000000","q":"0.00024000","f":3258766997,"l":3258766997,"T":1698351459655,"m":false,"M":true,"price":34121.99,"quantity":0.00024,"first_trade":3258766997,"last_trade":3258766997,"trade_time":1698351459655,"is_market_maker":false,"is_best_price_match":true},{"a":2739851513,"p":"34121.98000000","q":"3.24335000","f":3258766998,"l":3258767012,"T":1698351460113,"m":true,"M":true,"price":34121.98,"quantity":3.24335,"first_trade":3258766998,"last_trade":3258767012,"trade_time":1698351460113,"is_market_maker":true,"is_best_price_match":true},{"a":2739851514,"p":"34121.97000000","q":"0.00058000","f":3258767013,"l":3258767013,"T":1698351460116,"m":true,"M":true,"price":34121.97,"quantity":0.00058,"first_trade":3258767013,"last_trade":3258767013,"trade_time":1698351460116,"is_market_maker":true,"is_best_price_match":true},{"a":2739851515,"p":"34121.71000000","q":"0.00106000","f":3258767014,"l":3258767014,"T":1698351460216,"m":true,"M":true,"price":34121.71,"quantity":0.00106,"first_trade":3258767014,"last_trade":3258767014,"trade_time":1698351460216,"is_market_maker":true,"is_best_price_match":true},{"a":2739851516,"p":"34121.71000000","q":"0.00095000","f":3258767015,"l":3258767015,"T":1698351460236,"m":true,"M":true,"price":34121.71,"quantity":0.00095,"first_trade":3258767015,"last_trade":3258767015,"trade_time":1698351460236,"is_market_maker":true,"is_best_price_match":true},{"a":2739851517,"p":"34121.71000000","q":"0.00539000","f":3258767016,"l":3258767016,"T":1698351461578,"m":true,"M":true,"price":34121.71,"quantity":0.00539,"first_trade":3258767016,"last_trade":3258767016,"trade_time":1698351461578,"is_market_maker":true,"is_best_price_match":true},{"a":2739851518,"p":"34121.71000000","q":"0.00033000","f":3258767017,"l":3258767017,"T":1698351461583,"m":true,"M":true,"price":34121.71,"quantity":0.00033,"first_trade":3258767017,"last_trade":3258767017,"trade_time":1698351461583,"is_market_maker":true,"is_best_price_match":true},{"a":2739851519,"p":"34121.71000000","q":"0.00105000","f":3258767018,"l":3258767018,"T":1698351461660,"m":true,"M":true,"price":34121.71,"quantity":0.00105,"first_trade":3258767018,"last_trade":3258767018,"trade_time":1698351461660,"is_market_maker":true,"is_best_price_match":true},{"a":2739851520,"p":"34121.72000000","q":"0.08255000","f":3258767019,"l":3258767021,"T":1698351461718,"m":false,"M":true,"price":34121.72,"quantity":0.08255,"first_trade":3258767019,"last_trade":3258767021,"trade_time":1698351461718,"is_market_maker":false,"is_best_price_match":true},{"a":2739851521,"p":"34121.72000000","q":"0.00521000","f":3258767022,"l":3258767022,"T":1698351461750,"m":false,"M":true,"price":34121.72,"quantity":0.00521,"first_trade":3258767022,"last_trade":3258767022,"trade_time":1698351461750,"is_market_maker":false,"is_best_price_match":true},{"a":2739851522,"p":"34121.72000000","q":"0.00200000","f":3258767023,"l":3258767023,"T":1698351462032,"m":false,"M":true,"price":34121.72,"quantity":0.002,"first_trade":3258767023,"last_trade":3258767023,"trade_time":1698351462032,"is_market_maker":false,"is_best_price_match":true},{"a":2739851523,"p":"34121.71000000","q":"0.00106000","f":3258767024,"l":3258767024,"T":1698351462390,"m":true,"M":true,"price":34121.71,"quantity":0.00106,"first_trade":3258767024,"last_trade":3258767024,"trade_time":1698351462390,"is_market_maker":true,"is_best_price_match":true},{"a":2739851524,"p":"34121.71000000","q":"0.00164000","f":3258767025,"l":3258767025,"T":1698351463103,"m":true,"M":true,"price":34121.71,"quantity":0.00164,"first_trade":3258767025,"last_trade":3258767025,"trade_time":1698351463103,"is_market_maker":true,"is_best_price_match":true},{"a":2739851525,"p":"34121.71000000","q":"0.00043000","f":3258767026,"l":3258767026,"T":1698351463232,"m":true,"M":true,"price":34121.71,"quantity":0.00043,"first_trade":3258767026,"last_trade":3258767026,"trade_time":1698351463232,"is_market_maker":true,"is_best_price_match":true},{"a":2739851526,"p":"34121.71000000","q":"0.00021000","f":3258767027,"l":3258767027,"T":1698351463233,"m":true,"M":true,"price":34121.71,"quantity":0.00021,"first_trade":3258767027,"last_trade":3258767027,"trade_time":1698351463233,"is_market_maker":true,"is_best_price_match":true},{"a":2739851527,"p":"34121.71000000","q":"0.00450000","f":3258767028,"l":3258767028,"T":1698351463238,"m":true,"M":true,"price":34121.71,"quantity":0.0045,"first_trade":3258767028,"last_trade":3258767028,"trade_time":1698351463238,"is_market_maker":true,"is_best_price_match":true},{"a":2739851528,"p":"34121.72000000","q":"0.01000000","f":3258767029,"l":3258767029,"T":1698351463248,"m":false,"M":true,"price":34121.72,"quantity":0.01,"first_trade":3258767029,"last_trade":3258767029,"trade_time":1698351463248,"is_market_maker":false,"is_best_price_match":true},{"a":2739851529,"p":"34121.71000000","q":"0.00200000","f":3258767030,"l":3258767030,"T":1698351463638,"m":true,"M":true,"price":34121.71,"quantity":0.002,"first_trade":3258767030,"last_trade":3258767030,"trade_time":1698351463638,"is_market_maker":true,"is_best_price_match":true},{"a":2739851530,"p":"34121.71000000","q":"0.34643000","f":3258767031,"l":3258767035,"T":1698351464100,"m":true,"M":true,"price":34121.71,"quantity":0.34643,"first_trade":3258767031,"last_trade":3258767035,"trade_time":1698351464100,"is_market_maker":true,"is_best_price_match":true},{"a":2739851531,"p":"34121.71000000","q":"0.22472000","f":3258767036,"l":3258767037,"T":1698351464103,"m":true,"M":true,"price":34121.71,"quantity":0.22472,"first_trade":3258767036,"last_trade":3258767037,"trade_time":1698351464103,"is_market_maker":true,"is_best_price_match":true},{"a":2739851532,"p":"34121.36000000","q":"0.00555000","f":3258767038,"l":3258767038,"T":1698351464103,"m":true,"M":true,"price":34121.36,"quantity":0.00555,"first_trade":3258767038,"last_trade":3258767038,"trade_time":1698351464103,"is_market_maker":true,"is_best_price_match":true},{"a":2739851533,"p":"34121.31000000","q":"0.00065000","f":3258767039,"l":3258767039,"T":1698351464103,"m":true,"M":true,"price":34121.31,"quantity":0.00065,"first_trade":3258767039,"last_trade":3258767039,"trade_time":1698351464103,"is_market_maker":true,"is_best_price_match":true},{"a":2739851534,"p":"34121.22000000","q":"0.00680000","f":3258767040,"l":3258767040,"T":1698351464105,"m":true,"M":true,"price":34121.22,"quantity":0.0068,"first_trade":3258767040,"last_trade":3258767040,"trade_time":1698351464105,"is_market_maker":true,"is_best_price_match":true},{"a":2739851535,"p":"34121.08000000","q":"0.00129000","f":3258767041,"l":3258767041,"T":1698351464105,"m":true,"M":true,"price":34121.08,"quantity":0.00129,"first_trade":3258767041,"last_trade":3258767041,"trade_time":1698351464105,"is_market_maker":true,"is_best_price_match":true},{"a":2739851536,"p":"34121.00000000","q":"0.21179000","f":3258767042,"l":3258767042,"T":1698351464109,"m":true,"M":true,"price":34121.0,"quantity":0.21179,"first_trade":3258767042,"last_trade":3258767042,"trade_time":1698351464109,"is_market_maker":true,"is_best_price_match":true},{"a":2739851537,"p":"34121.00000000","q":"0.10095000","f":3258767043,"l":3258767043,"T":1698351464129,"m":true,"M":true,"price":34121.0,"quantity":0.10095,"first_trade":3258767043,"last_trade":3258767043,"trade_time":1698351464129,"is_market_maker":true,"is_best_price_match":true},{"a":2739851538,"p":"34121.00000000","q":"0.34514000","f":3258767044,"l":3258767044,"T":1698351464129,"m":true,"M":true,"price":34121.0,"quantity":0.34514,"first_trade":3258767044,"last_trade":3258767044,"trade_time":1698351464129,"is_market_maker":true,"is_best_price_match":true},{"a":2739851539,"p":"34121.00000000","q":"0.12208000","f":3258767045,"l":3258767045,"T":1698351464132,"m":true,"M":true,"price":34121.0,"quantity":0.12208,"first_trade":3258767045,"last_trade":3258767045,"trade_time":1698351464132,"is_market_maker":true,"is_best_price_match":true},{"a":2739851540,"p":"34121.00000000","q":"0.59130000","f":3258767046,"l":3258767046,"T":1698351464133,"m":true,"M":true,"price":34121.0,"quantity":0.5913,"first_trade":3258767046,"last_trade":3258767046,"trade_time":1698351464133,"is_market_maker":true,"is_best_price_match":true},{"a":2739851541,"p":"34121.00000000","q":"0.19820000","f":3258767047,"l":3258767047,"T":1698351464135,"m":true,"M":true,"price":34121.0,"quantity":0.1982,"first_trade":3258767047,"last_trade":3258767047,"trade_time":1698351464135,"is_market_maker":true,"is_best_price_match":true},{"a":2739851542,"p":"34121.00000000","q":"0.14450000","f":3258767048,"l":3258767048,"T":1698351464136,"m":true,"M":true,"price":34121.0,"quantity":0.1445,"first_trade":3258767048,"last_trade":3258767048,"trade_time":1698351464136,"is_market_maker":true,"is_best_price_match":true},{"a":2739851543,"p":"34121.00000000","q":"0.10994000","f":3258767049,"l":3258767049,"T":1698351464138,"m":true,"M":true,"price":34121.0,"quantity":0.10994,"first_trade":3258767049,"last_trade":3258767049,"trade_time":1698351464138,"is_market_maker":true,"is_best_price_match":true},{"a":2739851544,"p":"34121.00000000","q":"0.12771000","f":3258767050,"l":3258767050,"T":1698351464139,"m":true,"M":true,"price":34121.0,"quantity":0.12771,"first_trade":3258767050,"last_trade":3258767050,"trade_time":1698351464139,"is_market_maker":true,"is_best_price_match":true},{"a":2739851545,"p":"34121.00000000","q":"0.11148000","f":3258767051,"l":3258767051,"T":1698351464140,"m":true,"M":true,"price":34121.0,"quantity":0.11148,"first_trade":3258767051,"last_trade":3258767051,"trade_time":1698351464140,"is_market_maker":true,"is_best_price_match":true},{"a":2739851546,"p":"34121.00000000","q":"0.50886000","f":3258767052,"l":3258767052,"T":1698351464144,"m":true,"M":true,"price":34121.0,"quantity":0.50886,"first_trade":3258767052,"last_trade":3258767052,"trade_time":1698351464144,"is_market_maker":true,"is_best_price_match":true},{"a":2739851547,"p":"34121.00000000","q":"0.62449000","f":3258767053,"l":3258767053,"T":1698351464144,"m":true,"M":true,"price":34121.0,"quantity":0.62449,"first_trade":3258767053,"last_trade":3258767053,"trade_time":1698351464144,"is_market_maker":true,"is_best_price_match":true},{"a":2739851548,"p":"34121.00000000","q":"0.20000000","f":3258767054,"l":3258767054,"T":1698351464148,"m":true,"M":true,"price":34121.0,"quantity":0.2,"first_trade":3258767054,"last_trade":3258767054,"trade_time":1698351464148,"is_market_maker":true,"is_best_price_match":true},{"a":2739851549,"p":"34121.00000000","q":"0.26589000","f":3258767055,"l":3258767055,"T":1698351464148,"m":true,"M":true,"price":34121.0,"quantity":0.26589,"first_trade":3258767055,"last_trade":3258767055,"trade_time":1698351464148,"is_market_maker":true,"is_best_price_match":true},{"a":2739851550,"p":"34121.00000000","q":"0.11227000","f":3258767056,"l":3258767056,"T":1698351464148,"m":true,"M":true,"price":34121.0,"quantity":0.11227,"first_trade":3258767056,"last_trade":3258767056,"trade_time":1698351464148,"is_market_maker":true,"is_best_price_match":true},{"a":2739851551,"p":"34121.00000000","q":"0.00480000","f":3258767057,"l":3258767057,"T":1698351464151,"m":true,"M":true,"price":34121.0,"quantity":0.0048,"first_trade":3258767057,"last_trade":3258767057,"trade_time":1698351464151,"is_market_maker":true,"is_best_price_match":true},{"a":2739851552,"p":"34121.00000000","q":"0.04840000","f":3258767058,"l":3258767058,"T":1698351464153,"m":true,"M":true,"price":34121.0,"quantity":0.0484,"first_trade":3258767058,"last_trade":3258767058,"trade_time":1698351464153,"is_market_maker":true,"is_best_price_match":true},{"a":2739851553,"p":"34121.00000000","q":"0.00204000","f":3258767059,"l":3258767059,"T":1698351464275,"m":true,"M":true,"price":34121.0,"quantity":0.00204,"first_trade":3258767059,"last_trade":3258767059,"trade_time":1698351464275,"is_market_maker":true,"is_best_price_match":true},{"a":2739851554,"p":"34121.00000000","q":"0.00450000","f":3258767060,"l":3258767060,"T":1698351464288,"m":true,"M":true,"price":34121.0,"quantity":0.0045,"first_trade":3258767060,"last_trade":3258767060,"trade_time":1698351464288,"is_market_maker":true,"is_best_price_match":true},{"a":2739851555,"p":"34121.01000000","q":"0.00111000","f":3258767061,"l":3258767061,"T":1698351464340,"m":false,"M":true,"price":34121.01,"quantity":0.00111,"first_trade":3258767061,"last_trade":3258767061,"trade_time":1698351464340,"is_market_maker":false,"is_best_price_match":true},{"a":2739851556,"p":"34121.00000000","q":"0.00029000","f":3258767062,"l":3258767062,"T":1698351465285,"m":true,"M":true,"price":34121.0,"quantity":0.00029,"first_trade":3258767062,"last_trade":3258767062,"trade_time":1698351465285,"is_market_maker":true,"is_best_price_match":true},{"a":2739851557,"p":"34121.00000000","q":"0.16451000","f":3258767063,"l":3258767063,"T":1698351465300,"m":true,"M":true,"price":34121.0,"quantity":0.16451,"first_trade":3258767063,"last_trade":3258767063,"trade_time":1698351465300,"is_market_maker":true,"is_best_price_match":true},{"a":2739851558,"p":"34121.00000000","q":"0.12385000","f":3258767064,"l":3258767064,"T":1698351465302,"m":true,"M":true,"price":34121.0,"quantity":0.12385,"first_trade":3258767064,"last_trade":3258767064,"trade_time":1698351465302,"is_market_maker":true,"is_best_price_match":true},{"a":2739851559,"p":"34121.00000000","q":"0.24118000","f":3258767065,"l":3258767065,"T":1698351465302,"m":true,"M":true,"price":34121.0,"quantity":0.24118,"first_trade":3258767065,"last_trade":3258767065,"trade_time":1698351465302,"is_market_maker":true,"is_best_price_match":true},{"a":2739851560,"p":"34121.00000000","q":"0.13720000","f":3258767066,"l":3258767066,"T":1698351465302,"m":true,"M":true,"price":34121.0,"quantity":0.1372,"first_trade":3258767066,"last_trade":3258767066,"trade_time":1698351465302,"is_market_maker":true,"is_best_price_match":true},{"a":2739851561,"p":"34121.00000000","q":"0.35395000","f":3258767067,"l":3258767067,"T":1698351465303,"m":true,"M":true,"price":34121.0,"quantity":0.35395,"first_trade":3258767067,"last_trade":3258767067,"trade_time":1698351465303,"is_market_maker":true,"is_best_price_match":true},{"a":2739851562,"p":"34121.00000000","q":"0.11674000","f":3258767068,"l":3258767068,"T":1698351465303,"m":true,"M":true,"price":34121.0,"quantity":0.11674,"first_trade":3258767068,"last_trade":3258767068,"trade_time":1698351465303,"is_market_maker":true,"is_best_price_match":true},{"a":2739851563,"p":"34121.00000000","q":"0.24822000","f":3258767069,"l":3258767069,"T":1698351465303,"m":true,"M":true,"price":34121.0,"quantity":0.24822,"first_trade":3258767069,"last_trade":3258767069,"trade_time":1698351465303,"is_market_maker":true,"is_best_price_match":true},{"a":2739851564,"p":"34121.00000000","q":"0.29231000","f":3258767070,"l":3258767071,"T":1698351465303,"m":true,"M":true,"price":34121.0,"quantity":0.29231,"first_trade":3258767070,"last_trade":3258767071,"trade_time":1698351465303,"is_market_maker":true,"is_best_price_match":true},{"a":2739851565,"p":"34120.92000000","q":"0.00212000","f":3258767072,"l":3258767072,"T":1698351465305,"m":true,"M":true,"price":34120.92,"quantity":0.00212,"first_trade":3258767072,"last_trade":3258767072,"trade_time":1698351465305,"is_market_maker":true,"is_best_price_match":true},{"a":2739851566,"p":"34120.90000000","q":"0.00065000","f":3258767073,"l":3258767073,"T":1698351465305,"m":true,"M":true,"price":34120.9,"quantity":0.00065,"first_trade":3258767073,"last_trade":3258767073,"trade_time":1698351465305,"is_market_maker":true,"is_best_price_match":true},{"a":2739851567,"p":"34120.82000000","q":"0.21694000","f":3258767074,"l":3258767074,"T":1698351465305,"m":true,"M":true,"price":34120.82,"quantity":0.21694,"first_trade":3258767074,"last_trade":3258767074,"trade_time":1698351465305,"is_market_maker":true,"is_best_price_match":true},{"a":2739851568,"p":"34120.82000000","q":"0.07610000","f":3258767075,"l":3258767075,"T":1698351465305,"m":true,"M":true,"price":34120.82,"quantity":0.0761,"first_trade":3258767075,"last_trade":3258767075,"trade_time":1698351465305,"is_market_maker":true,"is_best_price_match":true},{"a":2739851569,"p":"34120.49000000","q":"0.00065000","f":3258767076,"l":3258767076,"T":1698351465305,"m":true,"M":true,"price":34120.49,"quantity":0.00065,"first_trade":3258767076,"last_trade":3258767076,"trade_time":1698351465305,"is_market_maker":true,"is_best_price_match":true},{"a":2739851570,"p":"34120.35000000","q":"0.00302000","f":3258767077,"l":3258767077,"T":1698351465305,"m":true,"M":true,"price":34120.35,"quantity":0.00302,"first_trade":3258767077,"last_trade":3258767077,"trade_time":1698351465305,"is_market_maker":true,"is_best_price_match":true},{"a":2739851571,"p":"34120.34000000","q":"0.00129000","f":3258767078,"l":3258767078,"T":1698351465305,"m":true,"M":true,"price":34120.34,"quantity":0.00129,"first_trade":3258767078,"last_trade":3258767078,"trade_time":1698351465305,"is_market_maker":true,"is_best_price_match":true},{"a":2739851572,"p":"34120.28000000","q":"0.02439000","f":3258767079,"l":3258767079,"T":1698351465305,"m":true,"M":true,"price":34120.28,"quantity":0.02439,"first_trade":3258767079,"last_trade":3258767079,"trade_time":1698351465305,"is_market_maker":true,"is_best_price_match":true},{"a":2739851573,"p":"34120.20000000","q":"0.00212000","f":3258767080,"l":3258767080,"T":1698351465305,"m":true,"M":true,"price":34120.2,"quantity":0.00212,"first_trade":3258767080,"last_trade":3258767080,"trade_time":1698351465305,"is_market_maker":true,"is_best_price_match":true},{"a":2739851574,"p":"34120.08000000","q":"0.00065000","f":3258767081,"l":3258767081,"T":1698351465305,"m":true,"M":true,"price":34120.08,"quantity":0.00065,"first_trade":3258767081,"last_trade":3258767081,"trade_time":1698351465305,"is_market_maker":true,"is_best_price_match":true},{"a":2739851575,"p":"34120.01000000","q":"0.00516000","f":3258767082,"l":3258767082,"T":1698351465305,"m":true,"M":true,"price":34120.01,"quantity":0.00516,"first_trade":3258767082,"last_trade":3258767082,"trade_time":1698351465305,"is_market_maker":true,"is_best_price_match":true},{"a":2739851576,"p":"34120.00000000","q":"0.16740000","f":3258767083,"l":3258767088,"T":1698351465305,"m":true,"M":true,"price":34120.0,"quantity":0.1674,"first_trade":3258767083,"last_trade":3258767088,"trade_time":1698351465305,"is_market_maker":true,"is_best_price_match":true},{"a":2739851577,"p":"34119.67000000","q":"0.00065000","f":3258767089,"l":3258767089,"T":1698351465305,"m":true,"M":true,"price":34119.67,"quantity":0.00065,"first_trade":3258767089,"last_trade":3258767089,"trade_time":1698351465305,"is_market_maker":true,"is_best_price_match":true},{"a":2739851578,"p":"34119.60000000","q":"0.00129000","f":3258767090,"l":3258767090,"T":1698351465305,"m":true,"M":true,"price":34119.6,"quantity":0.00129,"first_trade":3258767090,"last_trade":3258767090,"trade_time":1698351465305,"is_market_maker":true,"is_best_price_match":true},{"a":2739851579,"p":"34119.48000000","q":"0.00212000","f":3258767091,"l":3258767091,"T":1698351465305,"m":true,"M":true,"price":34119.48,"quantity":0.00212,"first_trade":3258767091,"last_trade":3258767091,"trade_time":1698351465305,"is_market_maker":true,"is_best_price_match":true},{"a":2739851580,"p":"34119.26000000","q":"0.00065000","f":3258767092,"l":3258767092,"T":1698351465306,"m":true,"M":true,"price":34119.26,"quantity":0.00065,"first_trade":3258767092,"last_trade":3258767092,"trade_time":1698351465306,"is_market_maker":true,"is_best_price_match":true},{"a":2739851581,"p":"34119.08000000","q":"0.01114000","f":3258767093,"l":3258767093,"T":1698351465306,"m":true,"M":true,"price":34119.08,"quantity":0.01114,"first_trade":3258767093,"last_trade":3258767093,"trade_time":1698351465306,"is_market_maker":true,"is_best_price_match":true},{"a":2739851582,"p":"34119.00000000","q":"0.00200000","f":3258767094,"l":3258767094,"T":1698351465306,"m":true,"M":true,"price":34119.0,"quantity":0.002,"first_trade":3258767094,"last_trade":3258767094,"trade_time":1698351465306,"is_market_maker":true,"is_best_price_match":true},{"a":2739851583,"p":"34118.86000000","q":"0.00129000","f":3258767095,"l":3258767095,"T":1698351465306,"m":true,"M":true,"price":34118.86,"quantity":0.00129,"first_trade":3258767095,"last_trade":3258767095,"trade_time":1698351465306,"is_market_maker":true,"is_best_price_match":true},{"a":2739851584,"p":"34118.85000000","q":"0.00065000","f":3258767096,"l":3258767096,"T":1698351465306,"m":true,"M":true,"price":34118.85,"quantity":0.00065,"first_trade":3258767096,"last_trade":3258767096,"trade_time":1698351465306,"is_market_maker":true,"is_best_price_match":true},{"a":2739851585,"p":"34118.76000000","q":"0.00212000","f":3258767097,"l":3258767097,"T":1698351465318,"m":true,"M":true,"price":34118.76,"quantity":0.00212,"first_trade":3258767097,"last_trade":3258767097,"trade_time":1698351465318,"is_market_maker":true,"is_best_price_match":true},{"a":2739851586,"p":"34118.49000000","q":"0.00669000","f":3258767098,"l":3258767098,"T":1698351465318,"m":true,"M":true,"price":34118.49,"quantity":0.00669,"first_trade":3258767098,"last_trade":3258767098,"trade_time":1698351465318,"is_market_maker":true,"is_best_price_match":true},{"a":2739851587,"p":"34118.44000000","q":"0.00065000","f":3258767099,"l":3258767099,"T":1698351465318,"m":true,"M":true,"price":34118.44,"quantity":0.00065,"first_trade":3258767099,"last_trade":3258767099,"trade_time":1698351465318,"is_market_maker":true,"is_best_price_match":true},{"a":2739851588,"p":"34118.12000000","q":"0.00129000","f":3258767100,"l":3258767100,"T":1698351465318,"m":true,"M":true,"price":34118.12,"quantity":0.00129,"first_trade":3258767100,"last_trade":3258767100,"trade_time":1698351465318,"is_market_maker":true,"is_best_price_match":true},{"a":2739851589,"p":"34118.04000000","q":"0.00212000","f":3258767101,"l":3258767101,"T":1698351465318,"m":true,"M":true,"price":34118.04,"quantity":0.00212,"first_trade":3258767101,"last_trade":3258767101,"trade_time":1698351465318,"is_market_maker":true,"is_best_price_match":true},{"a":2739851590,"p":"34118.03000000","q":"0.00065000","f":3258767102,"l":3258767102,"T":1698351465318,"m":true,"M":true,"price":34118.03,"quantity":0.00065,"first_trade":3258767102,"last_trade":3258767102,"trade_time":1698351465318,"is_market_maker":true,"is_best_price_match":true},{"a":2739851591,"p":"34117.77000000","q":"0.00049000","f":3258767103,"l":3258767103,"T":1698351465318,"m":true,"M":true,"price":34117.77,"quantity":0.00049,"first_trade":3258767103,"last_trade":3258767103,"trade_time":1698351465318,"is_market_maker":true,"is_best_price_match":true},{"a":2739851592,"p":"34117.71000000","q":"0.00085000","f":3258767104,"l":3258767104,"T":1698351465318,"m":true,"M":true,"price":34117.71,"quantity":0.00085,"first_trade":3258767104,"last_trade":3258767104,"trade_time":1698351465318,"is_market_maker":true,"is_best_price_match":true},{"a":2739851593,"p":"34117.62000000","q":"0.00065000","f":3258767105,"l":3258767105,"T":1698351465318,"m":true,"M":true,"price":34117.62,"quantity":0.00065,"first_trade":3258767105,"last_trade":3258767105,"trade_time":1698351465318,"is_market_maker":true,"is_best_price_match":true},{"a":2739851594,"p":"34117.50000000","q":"0.02384000","f":3258767106,"l":3258767106,"T":1698351465318,"m":true,"M":true,"price":34117.5,"quantity":0.02384,"first_trade":3258767106,"last_trade":3258767106,"trade_time":1698351465318,"is_market_maker":true,"is_best_price_match":true},{"a":2739851595,"p":"34117.38000000","q":"0.00129000","f":3258767107,"l":3258767107,"T":1698351465318,"m":true,"M":true,"price":34117.38,"quantity":0.00129,"first_trade":3258767107,"last_trade":3258767107,"trade_time":1698351465318,"is_market_maker":true,"is_best_price_match":true},{"a":2739851596,"p":"34117.32000000","q":"0.00212000","f":3258767108,"l":3258767108,"T":1698351465318,"m":true,"M":true,"price":34117.32,"quantity":0.00212,"first_trade":3258767108,"last_trade":3258767108,"trade_time":1698351465318,"is_market_maker":true,"is_best_price_match":true},{"a":2739851597,"p":"34117.31000000","q":"0.00030000","f":3258767109,"l":3258767109,"T":1698351465318,"m":true,"M":true,"price":34117.31,"quantity":0.0003,"first_trade":3258767109,"last_trade":3258767109,"trade_time":1698351465318,"is_market_maker":true,"is_best_price_match":true},{"a":2739851598,"p":"34117.21000000","q":"0.00065000","f":3258767110,"l":3258767110,"T":1698351465318,"m":true,"M":true,"price":34117.21,"quantity":0.00065,"first_trade":3258767110,"last_trade":3258767110,"trade_time":1698351465318,"is_market_maker":true,"is_best_price_match":true},{"a":2739851599,"p":"34117.08000000","q":"0.00020000","f":3258767111,"l":3258767111,"T":1698351465318,"m":true,"M":true,"price":34117.08,"quantity":0.0002,"first_trade":3258767111,"last_trade":3258767111,"trade_time":1698351465318,"is_market_maker":true,"is_best_price_match":true},{"a":2739851600,"p":"34117.01000000","q":"0.01108000","f":3258767112,"l":3258767112,"T":1698351465318,"m":true,"M":true,"price":34117.01,"quantity":0.01108,"first_trade":3258767112,"last_trade":3258767112,"trade_time":1698351465318,"is_market_maker":true,"is_best_price_match":true},{"a":2739851601,"p":"34117.01000000","q":"0.00131000","f":3258767113,"l":3258767113,"T":1698351465346,"m":true,"M":true,"price":34117.01,"quantity":0.00131,"first_trade":3258767113,"last_trade":3258767113,"trade_time":1698351465346,"is_market_maker":true,"is_best_price_match":true},{"a":2739851602,"p":"34117.02000000","q":"0.00391000","f":3258767114,"l":3258767114,"T":1698351465352,"m":false,"M":true,"price":34117.02,"quantity":0.00391,"first_trade":3258767114,"last_trade":3258767114,"trade_time":1698351465352,"is_market_maker":false,"is_best_price_match":true},{"a":2739851603,"p":"34116.80000000","q":"0.00065000","f":3258767115,"l":3258767115,"T":1698351465356,"m":true,"M":true,"price":34116.8,"quantity":0.00065,"first_trade":3258767115,"last_trade":3258767115,"trade_time":1698351465356,"is_market_maker":true,"is_best_price_match":true},{"a":2739851604,"p":"34116.64000000","q":"0.00129000","f":3258767116,"l":3258767116,"T":1698351465356,"m":true,"M":true,"price":34116.64,"quantity":0.00129,"first_trade":3258767116,"last_trade":3258767116,"trade_time":1698351465356,"is_market_maker":true,"is_best_price_match":true},{"a":2739851605,"p":"34116.60000000","q":"0.00212000","f":3258767117,"l":3258767117,"T":1698351465356,"m":true,"M":true,"price":34116.6,"quantity":0.00212,"first_trade":3258767117,"last_trade":3258767117,"trade_time":1698351465356,"is_market_maker":true,"is_best_price_match":true},{"a":2739851606,"p":"34116.39000000","q":"0.00065000","f":3258767118,"l":3258767118,"T":1698351465356,"m":true,"M":true,"price":34116.39,"quantity":0.00065,"first_trade":3258767118,"last_trade":3258767118,"trade_time":1698351465356,"is_market_maker":true,"is_best_price_match":true},{"a":2739851607,"p":"34115.98000000","q":"0.00065000","f":3258767119,"l":3258767119,"T":1698351465356,"m":true,"M":true,"price":34115.98,"quantity":0.00065,"first_trade":3258767119,"last_trade":3258767119,"trade_time":1698351465356,"is_market_maker":true,"is_best_price_match":true},{"a":2739851608,"p":"34115.90000000","q":"0.00129000","f":3258767120,"l":3258767120,"T":1698351465356,"m":true,"M":true,"price":34115.9,"quantity":0.00129,"first_trade":3258767120,"last_trade":3258767120,"trade_time":1698351465356,"is_market_maker":true,"is_best_price_match":true},{"a":2739851609,"p":"34115.88000000","q":"0.00212000","f":3258767121,"l":3258767121,"T":1698351465356,"m":true,"M":true,"price":34115.88,"quantity":0.00212,"first_trade":3258767121,"last_trade":3258767121,"trade_time":1698351465356,"is_market_maker":true,"is_best_price_match":true},{"a":2739851610,"p":"34115.57000000","q":"0.00065000","f":3258767122,"l":3258767122,"T":1698351465356,"m":true,"M":true,"price":34115.57,"quantity":0.00065,"first_trade":3258767122,"last_trade":3258767122,"trade_time":1698351465356,"is_market_maker":true,"is_best_price_match":true},{"a":2739851611,"p":"34115.16000000","q":"0.00406000","f":3258767123,"l":3258767125,"T":1698351465356,"m":true,"M":true,"price":34115.16,"quantity":0.00406,"first_trade":3258767123,"last_trade":3258767125,"trade_time":1698351465356,"is_market_maker":true,"is_best_price_match":true},{"a":2739851612,"p":"34115.01000000","q":"0.00020000","f":3258767126,"l":3258767126,"T":1698351465356,"m":true,"M":true,"price":34115.01,"quantity":0.0002,"first_trade":3258767126,"last_trade":3258767126,"trade_time":1698351465356,"is_market_maker":true,"is_best_price_match":true},{"a":2739851613,"p":"34114.75000000","q":"0.00065000","f":3258767127,"l":3258767127,"T":1698351465356,"m":true,"M":true,"price":34114.75,"quantity":0.00065,"first_trade":3258767127,"last_trade":3258767127,"trade_time":1698351465356,"is_market_maker":true,"is_best_price_match":true},{"a":2739851614,"p":"34114.50000000","q":"0.00044000","f":3258767128,"l":3258767128,"T":1698351465356,"m":true,"M":true,"price":34114.5,"quantity":0.00044,"first_trade":3258767128,"last_trade":3258767128,"trade_time":1698351465356,"is_market_maker":true,"is_best_price_match":true},{"a":2739851615,"p":"34114.69000000","q":"0.00049000","f":3258767129,"l":3258767129,"T":1698351465396,"m":true,"M":true,"price":34114.69,"quantity":0.00049,"first_trade":3258767129,"last_trade":3258767129,"trade_time":1698351465396,"is_market_maker":true,"is_best_price_match":true},{"a":2739851616,"p":"34114.44000000","q":"0.00212000","f":3258767130,"l":3258767130,"T":1698351465436,"m":true,"M":true,"price":34114.44,"quantity":0.00212,"first_trade":3258767130,"last_trade":3258767130,"trade_time":1698351465436,"is_market_maker":true,"is_best_price_match":true},{"a":2739851617,"p":"34114.42000000","q":"0.00129000","f":3258767131,"l":3258767131,"T":1698351465438,"m":true,"M":true,"price":34114.42,"quantity":0.00129,"first_trade":3258767131,"last_trade":3258767131,"trade_time":1698351465438,"is_market_maker":true,"is_best_price_match":true},{"a":2739851618,"p":"34114.34000000","q":"0.00065000","f":3258767132,"l":3258767132,"T":1698351465438,"m":true,"M":true,"price":34114.34,"quantity":0.00065,"first_trade":3258767132,"last_trade":3258767132,"trade_time":1698351465438,"is_market_maker":true,"is_best_price_match":true},{"a":2739851619,"p":"34113.93000000","q":"0.00065000","f":3258767133,"l":3258767133,"T":1698351465438,"m":true,"M":true,"price":34113.93,"quantity":0.00065,"first_trade":3258767133,"last_trade":3258767133,"trade_time":1698351465438,"is_market_maker":true,"is_best_price_match":true},{"a":2739851620,"p":"34113.72000000","q":"0.00212000","f":3258767134,"l":3258767134,"T":1698351465438,"m":true,"M":true,"price":34113.72,"quantity":0.00212,"first_trade":3258767134,"last_trade":3258767134,"trade_time":1698351465438,"is_market_maker":true,"is_best_price_match":true},{"a":2739851621,"p":"34113.68000000","q":"0.00129000","f":3258767135,"l":3258767135,"T":1698351465438,"m":true,"M":true,"price":34113.68,"quantity":0.00129,"first_trade":3258767135,"last_trade":3258767135,"trade_time":1698351465438,"is_market_maker":true,"is_best_price_match":true},{"a":2739851622,"p":"34113.52000000","q":"0.00065000","f":3258767136,"l":3258767136,"T":1698351465438,"m":true,"M":true,"price":34113.52,"quantity":0.00065,"first_trade":3258767136,"last_trade":3258767136,"trade_time":1698351465438,"is_market_maker":true,"is_best_price_match":true},{"a":2739851623,"p":"34113.29000000","q":"0.00031000","f":3258767137,"l":3258767137,"T":1698351465479,"m":true,"M":true,"price":34113.29,"quantity":0.00031,"first_trade":3258767137,"last_trade":3258767137,"trade_time":1698351465479,"is_market_maker":true,"is_best_price_match":true},{"a":2739851624,"p":"34113.13000000","q":"0.00048000","f":3258767138,"l":3258767138,"T":1698351465479,"m":true,"M":true,"price":34113.13,"quantity":0.00048,"first_trade":3258767138,"last_trade":3258767138,"trade_time":1698351465479,"is_market_maker":true,"is_best_price_match":true},{"a":2739851625,"p":"34113.11000000","q":"0.00065000","f":3258767139,"l":3258767139,"T":1698351465479,"m":true,"M":true,"price":34113.11,"quantity":0.00065,"first_trade":3258767139,"last_trade":3258767139,"trade_time":1698351465479,"is_market_maker":true,"is_best_price_match":true},{"a":2739851626,"p":"34113.00000000","q":"0.00212000","f":3258767140,"l":3258767140,"T":1698351465479,"m":true,"M":true,"price":34113.0,"quantity":0.00212,"first_trade":3258767140,"last_trade":3258767140,"trade_time":1698351465479,"is_market_maker":true,"is_best_price_match":true},{"a":2739851627,"p":"34112.94000000","q":"0.00129000","f":3258767141,"l":3258767141,"T":1698351465479,"m":true,"M":true,"price":34112.94,"quantity":0.00129,"first_trade":3258767141,"last_trade":3258767141,"trade_time":1698351465479,"is_market_maker":true,"is_best_price_match":true},{"a":2739851628,"p":"34112.71000000","q":"0.10781000","f":3258767142,"l":3258767142,"T":1698351465495,"m":false,"M":true,"price":34112.71,"quantity":0.10781,"first_trade":3258767142,"last_trade":3258767142,"trade_time":1698351465495,"is_market_maker":false,"is_best_price_match":true},{"a":2739851629,"p":"34112.71000000","q":"0.08110000","f":3258767143,"l":3258767143,"T":1698351465521,"m":false,"M":true,"price":34112.71,"quantity":0.0811,"first_trade":3258767143,"last_trade":3258767143,"trade_time":1698351465521,"is_market_maker":false,"is_best_price_match":true},{"a":2739851630,"p":"34112.71000000","q":"0.01243000","f":3258767144,"l":3258767145,"T":1698351465547,"m":false,"M":true,"price":34112.71,"quantity":0.01243,"first_trade":3258767144,"last_trade":3258767145,"trade_time":1698351465547,"is_market_maker":false,"is_best_price_match":true},{"a":2739851631,"p":"34112.71000000","q":"0.04875000","f":3258767146,"l":3258767147,"T":1698351465574,"m":false,"M":true,"price":34112.71,"quantity":0.04875,"first_trade":3258767146,"last_trade":3258767147,"trade_time":1698351465574,"is_market_maker":false,"is_best_price_match":true},{"a":2739851632,"p":"34112.71000000","q":"0.00172000","f":3258767148,"l":3258767148,"T":1698351465603,"m":false,"M":true,"price":34112.71,"quantity":0.00172,"first_trade":3258767148,"last_trade":3258767148,"trade_time":1698351465603,"is_market_maker":false,"is_best_price_match":true},{"a":2739851633,"p":"34112.70000000","q":"0.00146000","f":3258767149,"l":3258767150,"T":1698351465743,"m":true,"M":true,"price":34112.7,"quantity":0.00146,"first_trade":3258767149,"last_trade":3258767150,"trade_time":1698351465743,"is_market_maker":true,"is_best_price_match":true},{"a":2739851634,"p":"34112.70000000","q":"0.00146000","f":3258767151,"l":3258767151,"T":1698351465743,"m":true,"M":true,"price":34112.7,"quantity":0.00146,"first_trade":3258767151,"last_trade":3258767151,"trade_time":1698351465743,"is_market_maker":true,"is_best_price_match":true},{"a":2739851635,"p":"34112.70000000","q":"0.00146000","f":3258767152,"l":3258767152,"T":1698351465749,"m":true,"M":true,"price":34112.7,"quantity":0.00146,"first_trade":3258767152,"last_trade":3258767152,"trade_time":1698351465749,"is_market_maker":true,"is_best_price_match":true},{"a":2739851636,"p":"34112.70000000","q":"0.00146000","f":3258767153,"l":3258767153,"T":1698351465749,"m":true,"M":true,"price":34112.7,"quantity":0.00146,"first_trade":3258767153,"last_trade":3258767153,"trade_time":1698351465749,"is_market_maker":true,"is_best_price_match":true},{"a":2739851637,"p":"34112.70000000","q":"0.00411000","f":3258767154,"l":3258767154,"T":1698351465802,"m":true,"M":true,"price":34112.7,"quantity":0.00411,"first_trade":3258767154,"last_trade":3258767154,"trade_time":1698351465802,"is_market_maker":true,"is_best_price_match":true},{"a":2739851638,"p":"34112.70000000","q":"0.00735000","f":3258767155,"l":3258767155,"T":1698351466053,"m":true,"M":true,"price":34112.7,"quantity":0.00735,"first_trade":3258767155,"last_trade":3258767155,"trade_time":1698351466053,"is_market_maker":true,"is_best_price_match":true},{"a":2739851639,"p":"34112.70000000","q":"0.02075000","f":3258767156,"l":3258767156,"T":1698351466161,"m":true,"M":true,"price":34112.7,"quantity":0.02075,"first_trade":3258767156,"last_trade":3258767156,"trade_time":1698351466161,"is_market_maker":true,"is_best_price_match":true},{"a":2739851640,"p":"34112.71000000","q":"0.49973000","f":3258767157,"l":3258767157,"T":1698351466463,"m":false,"M":true,"price":34112.71,"quantity":0.49973,"first_trade":3258767157,"last_trade":3258767157,"trade_time":1698351466463,"is_market_maker":false,"is_best_price_match":true},{"a":2739851641,"p":"34112.70000000","q":"0.00086000","f":3258767158,"l":3258767158,"T":1698351466545,"m":true,"M":true,"price":34112.7,"quantity":0.00086,"first_trade":3258767158,"last_trade":3258767158,"trade_time":1698351466545,"is_market_maker":true,"is_best_price_match":true},{"a":2739851642,"p":"34112.70000000","q":"0.00040000","f":3258767159,"l":3258767159,"T":1698351466557,"m":true,"M":true,"price":34112.7,"quantity":0.0004,"first_trade":3258767159,"last_trade":3258767159,"trade_time":1698351466557,"is_market_maker":true,"is_best_price_match":true},{"a":2739851643,"p":"34112.70000000","q":"0.00037000","f":3258767160,"l":3258767160,"T":1698351466596,"m":true,"M":true,"price":34112.7,"quantity":0.00037,"first_trade":3258767160,"last_trade":3258767160,"trade_time":1698351466596,"is_market_maker":true,"is_best_price_match":true},{"a":2739851644,"p":"34112.70000000","q":"0.05863000","f":3258767161,"l":3258767161,"T":1698351466649,"m":true,"M":true,"price":34112.7,"quantity":0.05863,"first_trade":3258767161,"last_trade":3258767161,"trade_time":1698351466649,"is_market_maker":true,"is_best_price_match":true},{"a":2739851645,"p":"34112.70000000","q":"0.01260000","f":3258767162,"l":3258767162,"T":1698351466659,"m":true,"M":true,"price":34112.7,"quantity":0.0126,"first_trade":3258767162,"last_trade":3258767162,"trade_time":1698351466659,"is_market_maker":true,"is_best_price_match":true},{"a":2739851646,"p":"34112.71000000","q":"0.00313000","f":3258767163,"l":3258767163,"T":1698351467137,"m":false,"M":true,"price":34112.71,"quantity":0.00313,"first_trade":3258767163,"last_trade":3258767163,"trade_time":1698351467137,"is_market_maker":false,"is_best_price_match":true},{"a":2739851647,"p":"34112.71000000","q":"0.00021000","f":3258767164,"l":3258767164,"T":1698351467221,"m":false,"M":true,"price":34112.71,"quantity":0.00021,"first_trade":3258767164,"last_trade":3258767164,"trade_time":1698351467221,"is_market_maker":false,"is_best_price_match":true},{"a":2739851648,"p":"34112.70000000","q":"0.00073000","f":3258767165,"l":3258767165,"T":1698351467389,"m":true,"M":true,"price":34112.7,"quantity":0.00073,"first_trade":3258767165,"last_trade":3258767165,"trade_time":1698351467389,"is_market_maker":true,"is_best_price_match":true},{"a":2739851649,"p":"34112.71000000","q":"0.00058000","f":3258767166,"l":3258767166,"T":1698351467447,"m":false,"M":true,"price":34112.71,"quantity":0.00058,"first_trade":3258767166,"last_trade":3258767166,"trade_time":1698351467447,"is_market_maker":false,"is_best_price_match":true},{"a":2739851650,"p":"34112.71000000","q":"0.14757000","f":3258767167,"l":3258767168,"T":1698351467462,"m":false,"M":true,"price":34112.71,"quantity":0.14757,"first_trade":3258767167,"last_trade":3258767168,"trade_time":1698351467462,"is_market_maker":false,"is_best_price_match":true},{"a":2739851651,"p":"34112.71000000","q":"0.09588000","f":3258767169,"l":3258767169,"T":1698351467467,"m":false,"M":true,"price":34112.71,"quantity":0.09588,"first_trade":3258767169,"last_trade":3258767169,"trade_time":1698351467467,"is_market_maker":false,"is_best_price_match":true},{"a":2739851652,"p":"34112.71000000","q":"0.17478000","f":3258767170,"l":3258767174,"T":1698351467507,"m":false,"M":true,"price":34112.71,"quantity":0.17478,"first_trade":3258767170,"last_trade":3258767174,"trade_time":1698351467507,"is_market_maker":false,"is_best_price_match":true},{"a":2739851653,"p":"34112.71000000","q":"0.18803000","f":3258767175,"l":3258767181,"T":1698351467563,"m":false,"M":true,"price":34112.71,"quantity":0.18803,"first_trade":3258767175,"last_trade":3258767181,"trade_time":1698351467563,"is_market_maker":false,"is_best_price_match":true},{"a":2739851654,"p":"34112.71000000","q":"0.14545000","f":3258767182,"l":3258767182,"T":1698351467614,"m":false,"M":true,"price":34112.71,"quantity":0.14545,"first_trade":3258767182,"last_trade":3258767182,"trade_time":1698351467614,"is_market_maker":false,"is_best_price_match":true},{"a":2739851655,"p":"34113.06000000","q":"0.17182000","f":3258767183,"l":3258767183,"T":1698351467678,"m":false,"M":true,"price":34113.06,"quantity":0.17182,"first_trade":3258767183,"last_trade":3258767183,"trade_time":1698351467678,"is_market_maker":false,"is_best_price_match":true},{"a":2739851656,"p":"34113.06000000","q":"0.05156000","f":3258767184,"l":3258767186,"T":1698351467737,"m":false,"M":true,"price":34113.06,"quantity":0.05156,"first_trade":3258767184,"last_trade":3258767186,"trade_time":1698351467737,"is_market_maker":false,"is_best_price_match":true},{"a":2739851657,"p":"34113.11000000","q":"0.00065000","f":3258767187,"l":3258767187,"T":1698351467737,"m":false,"M":true,"price":34113.11,"quantity":0.00065,"first_trade":3258767187,"last_trade":3258767187,"trade_time":1698351467737,"is_market_maker":false,"is_best_price_match":true},{"a":2739851658,"p":"34113.52000000","q":"0.00065000","f":3258767188,"l":3258767188,"T":1698351467737,"m":false,"M":true,"price":34113.52,"quantity":0.00065,"first_trade":3258767188,"last_trade":3258767188,"trade_time":1698351467737,"is_market_maker":false,"is_best_price_match":true},{"a":2739851659,"p":"34113.68000000","q":"0.00129000","f":3258767189,"l":3258767189,"T":1698351467737,"m":false,"M":true,"price":34113.68,"quantity":0.00129,"first_trade":3258767189,"last_trade":3258767189,"trade_time":1698351467737,"is_market_maker":false,"is_best_price_match":true},{"a":2739851660,"p":"34113.72000000","q":"0.00212000","f":3258767190,"l":3258767190,"T":1698351467737,"m":false,"M":true,"price":34113.72,"quantity":0.00212,"first_trade":3258767190,"last_trade":3258767190,"trade_time":1698351467737,"is_market_maker":false,"is_best_price_match":true},{"a":2739851661,"p":"34113.78000000","q":"0.09460000","f":3258767191,"l":3258767191,"T":1698351467737,"m":false,"M":true,"price":34113.78,"quantity":0.0946,"first_trade":3258767191,"last_trade":3258767191,"trade_time":1698351467737,"is_market_maker":false,"is_best_price_match":true},{"a":2739851662,"p":"34113.93000000","q":"0.00065000","f":3258767192,"l":3258767192,"T":1698351467750,"m":false,"M":true,"price":34113.93,"quantity":0.00065,"first_trade":3258767192,"last_trade":3258767192,"trade_time":1698351467750,"is_market_maker":false,"is_best_price_match":true},{"a":2739851663,"p":"34114.34000000","q":"0.00065000","f":3258767193,"l":3258767193,"T":1698351467750,"m":false,"M":true,"price":34114.34,"quantity":0.00065,"first_trade":3258767193,"last_trade":3258767193,"trade_time":1698351467750,"is_market_maker":false,"is_best_price_match":true},{"a":2739851664,"p":"34114.42000000","q":"0.00129000","f":3258767194,"l":3258767194,"T":1698351467750,"m":false,"M":true,"price":34114.42,"quantity":0.00129,"first_trade":3258767194,"last_trade":3258767194,"trade_time":1698351467750,"is_market_maker":false,"is_best_price_match":true},{"a":2739851665,"p":"34114.44000000","q":"0.00212000","f":3258767195,"l":3258767195,"T":1698351467750,"m":false,"M":true,"price":34114.44,"quantity":0.00212,"first_trade":3258767195,"last_trade":3258767195,"trade_time":1698351467750,"is_market_maker":false,"is_best_price_match":true},{"a":2739851666,"p":"34114.44000000","q":"0.00259000","f":3258767196,"l":3258767196,"T":1698351467788,"m":true,"M":true,"price":34114.44,"quantity":0.00259,"first_trade":3258767196,"last_trade":3258767196,"trade_time":1698351467788,"is_market_maker":true,"is_best_price_match":true},{"a":2739851667,"p":"34114.45000000","q":"0.01288000","f":3258767197,"l":3258767198,"T":1698351467792,"m":false,"M":true,"price":34114.45,"quantity":0.01288,"first_trade":3258767197,"last_trade":3258767198,"trade_time":1698351467792,"is_market_maker":false,"is_best_price_match":true},{"a":2739851668,"p":"34114.44000000","q":"0.00135000","f":3258767199,"l":3258767199,"T":1698351467837,"m":true,"M":true,"price":34114.44,"quantity":0.00135,"first_trade":3258767199,"last_trade":3258767199,"trade_time":1698351467837,"is_market_maker":true,"is_best_price_match":true},{"a":2739851669,"p":"34114.45000000","q":"0.15023000","f":3258767200,"l":3258767200,"T":1698351467924,"m":false,"M":true,"price":34114.45,"quantity":0.15023,"first_trade":3258767200,"last_trade":3258767200,"trade_time":1698351467924,"is_market_maker":false,"is_best_price_match":true},{"a":2739851670,"p":"34114.45000000","q":"0.00130000","f":3258767201,"l":3258767201,"T":1698351467927,"m":false,"M":true,"price":34114.45,"quantity":0.0013,"first_trade":3258767201,"last_trade":3258767201,"trade_time":1698351467927,"is_market_maker":false,"is_best_price_match":true},{"a":2739851671,"p":"34114.45000000","q":"0.00107000","f":3258767202,"l":3258767203,"T":1698351467939,"m":false,"M":true,"price":34114.45,"quantity":0.00107,"first_trade":3258767202,"last_trade":3258767203,"trade_time":1698351467939,"is_market_maker":false,"is_best_price_match":true},{"a":2739851672,"p":"34114.75000000","q":"0.00065000","f":3258767204,"l":3258767204,"T":1698351467939,"m":false,"M":true,"price":34114.75,"quantity":0.00065,"first_trade":3258767204,"last_trade":3258767204,"trade_time":1698351467939,"is_market_maker":false,"is_best_price_match":true},{"a":2739851673,"p":"34114.87000000","q":"0.01335000","f":3258767205,"l":3258767206,"T":1698351467981,"m":false,"M":true,"price":34114.87,"quantity":0.01335,"first_trade":3258767205,"last_trade":3258767206,"trade_time":1698351467981,"is_market_maker":false,"is_best_price_match":true},{"a":2739851674,"p":"34115.16000000","q":"0.00406000","f":3258767207,"l":3258767209,"T":1698351467983,"m":false,"M":true,"price":34115.16,"quantity":0.00406,"first_trade":3258767207,"last_trade":3258767209,"trade_time":1698351467983,"is_market_maker":false,"is_best_price_match":true},{"a":2739851675,"p":"34115.57000000","q":"0.00065000","f":3258767210,"l":3258767210,"T":1698351467983,"m":false,"M":true,"price":34115.57,"quantity":0.00065,"first_trade":3258767210,"last_trade":3258767210,"trade_time":1698351467983,"is_market_maker":false,"is_best_price_match":true},{"a":2739851676,"p":"34115.88000000","q":"0.00212000","f":3258767211,"l":3258767211,"T":1698351467983,"m":false,"M":true,"price":34115.88,"quantity":0.00212,"first_trade":3258767211,"last_trade":3258767211,"trade_time":1698351467983,"is_market_maker":false,"is_best_price_match":true},{"a":2739851677,"p":"34115.90000000","q":"0.00129000","f":3258767212,"l":3258767212,"T":1698351467983,"m":false,"M":true,"price":34115.9,"quantity":0.00129,"first_trade":3258767212,"last_trade":3258767212,"trade_time":1698351467983,"is_market_maker":false,"is_best_price_match":true},{"a":2739851678,"p":"34115.98000000","q":"0.00065000","f":3258767213,"l":3258767213,"T":1698351467983,"m":false,"M":true,"price":34115.98,"quantity":0.00065,"first_trade":3258767213,"last_trade":3258767213,"trade_time":1698351467983,"is_market_maker":false,"is_best_price_match":true},{"a":2739851679,"p":"34116.00000000","q":"0.15080000","f":3258767214,"l":3258767214,"T":1698351468074,"m":false,"M":true,"price":34116.0,"quantity":0.1508,"first_trade":3258767214,"last_trade":3258767214,"trade_time":1698351468074,"is_market_maker":false,"is_best_price_match":true},{"a":2739851680,"p":"34116.39000000","q":"0.00065000","f":3258767215,"l":3258767215,"T":1698351468080,"m":false,"M":true,"price":34116.39,"quantity":0.00065,"first_trade":3258767215,"last_trade":3258767215,"trade_time":1698351468080,"is_market_maker":false,"is_best_price_match":true},{"a":2739851681,"p":"34116.41000000","q":"0.00689000","f":3258767216,"l":3258767216,"T":1698351468080,"m":false,"M":true,"price":34116.41,"quantity":0.00689,"first_trade":3258767216,"last_trade":3258767216,"trade_time":1698351468080,"is_market_maker":false,"is_best_price_match":true},{"a":2739851682,"p":"34116.60000000","q":"0.00212000","f":3258767217,"l":3258767217,"T":1698351468080,"m":false,"M":true,"price":34116.6,"quantity":0.00212,"first_trade":3258767217,"last_trade":3258767217,"trade_time":1698351468080,"is_market_maker":false,"is_best_price_match":true},{"a":2739851683,"p":"34116.64000000","q":"0.00129000","f":3258767218,"l":3258767218,"T":1698351468080,"m":false,"M":true,"price":34116.64,"quantity":0.00129,"first_trade":3258767218,"last_trade":3258767218,"trade_time":1698351468080,"is_market_maker":false,"is_best_price_match":true},{"a":2739851684,"p":"34116.80000000","q":"0.00065000","f":3258767219,"l":3258767219,"T":1698351468080,"m":false,"M":true,"price":34116.8,"quantity":0.00065,"first_trade":3258767219,"last_trade":3258767219,"trade_time":1698351468080,"is_market_maker":false,"is_best_price_match":true},{"a":2739851685,"p":"34116.84000000","q":"0.00020000","f":3258767220,"l":3258767220,"T":1698351468080,"m":false,"M":true,"price":34116.84,"quantity":0.0002,"first_trade":3258767220,"last_trade":3258767220,"trade_time":1698351468080,"is_market_maker":false,"is_best_price_match":true},{"a":2739851686,"p":"34117.02000000","q":"0.12762000","f":3258767221,"l":3258767223,"T":1698351468179,"m":false,"M":true,"price":34117.02,"quantity":0.12762,"first_trade":3258767221,"last_trade":3258767223,"trade_time":1698351468179,"is_market_maker":false,"is_best_price_match":true},{"a":2739851687,"p":"34117.02000000","q":"0.13701000","f":3258767224,"l":3258767226,"T":1698351468238,"m":false,"M":true,"price":34117.02,"quantity":0.13701,"first_trade":3258767224,"last_trade":3258767226,"trade_time":1698351468238,"is_market_maker":false,"is_best_price_match":true},{"a":2739851688,"p":"34117.02000000","q":"0.13701000","f":3258767227,"l":3258767230,"T":1698351468290,"m":false,"M":true,"price":34117.02,"quantity":0.13701,"first_trade":3258767227,"last_trade":3258767230,"trade_time":1698351468290,"is_market_maker":false,"is_best_price_match":true},{"a":2739851689,"p":"34117.02000000","q":"0.11674000","f":3258767231,"l":3258767234,"T":1698351468422,"m":false,"M":true,"price":34117.02,"quantity":0.11674,"first_trade":3258767231,"last_trade":3258767234,"trade_time":1698351468422,"is_market_maker":false,"is_best_price_match":true},{"a":2739851690,"p":"34117.02000000","q":"0.00363000","f":3258767235,"l":3258767236,"T":1698351468426,"m":false,"M":true,"price":34117.02,"quantity":0.00363,"first_trade":3258767235,"last_trade":3258767236,"trade_time":1698351468426,"is_market_maker":false,"is_best_price_match":true},{"a":2739851691,"p":"34117.02000000","q":"0.00363000","f":3258767237,"l":3258767237,"T":1698351468426,"m":false,"M":true,"price":34117.02,"quantity":0.00363,"first_trade":3258767237,"last_trade":3258767237,"trade_time":1698351468426,"is_market_maker":false,"is_best_price_match":true},{"a":2739851692,"p":"34117.02000000","q":"0.08900000","f":3258767238,"l":3258767239,"T":1698351468426,"m":false,"M":true,"price":34117.02,"quantity":0.089,"first_trade":3258767238,"last_trade":3258767239,"trade_time":1698351468426,"is_market_maker":false,"is_best_price_match":true},{"a":2739851693,"p":"34117.02000000","q":"0.04597000","f":3258767240,"l":3258767241,"T":1698351468432,"m":false,"M":true,"price":34117.02,"quantity":0.04597,"first_trade":3258767240,"last_trade":3258767241,"trade_time":1698351468432,"is_market_maker":false,"is_best_price_match":true},{"a":2739851694,"p":"34117.21000000","q":"0.00065000","f":3258767242,"l":3258767242,"T":1698351468432,"m":false,"M":true,"price":34117.21,"quantity":0.00065,"first_trade":3258767242,"last_trade":3258767242,"trade_time":1698351468432,"is_market_maker":false,"is_best_price_match":true},{"a":2739851695,"p":"34117.26000000","q":"0.04966000","f":3258767243,"l":3258767243,"T":1698351468432,"m":false,"M":true,"price":34117.26,"quantity":0.04966,"first_trade":3258767243,"last_trade":3258767243,"trade_time":1698351468432,"is_market_maker":false,"is_best_price_match":true},{"a":2739851696,"p":"34117.29000000","q":"0.00030000","f":3258767244,"l":3258767244,"T":1698351468432,"m":false,"M":true,"price":34117.29,"quantity":0.0003,"first_trade":3258767244,"last_trade":3258767244,"trade_time":1698351468432,"is_market_maker":false,"is_best_price_match":true},{"a":2739851697,"p":"34117.32000000","q":"0.00212000","f":3258767245,"l":3258767245,"T":1698351468432,"m":false,"M":true,"price":34117.32,"quantity":0.00212,"first_trade":3258767245,"last_trade":3258767245,"trade_time":1698351468432,"is_market_maker":false,"is_best_price_match":true},{"a":2739851698,"p":"34117.38000000","q":"0.00129000","f":3258767246,"l":3258767246,"T":1698351468432,"m":false,"M":true,"price":34117.38,"quantity":0.00129,"first_trade":3258767246,"last_trade":3258767246,"trade_time":1698351468432,"is_market_maker":false,"is_best_price_match":true},{"a":2739851699,"p":"34117.62000000","q":"0.00065000","f":3258767247,"l":3258767247,"T":1698351468436,"m":false,"M":true,"price":34117.62,"quantity":0.00065,"first_trade":3258767247,"last_trade":3258767247,"trade_time":1698351468436,"is_market_maker":false,"is_best_price_match":true},{"a":2739851700,"p":"34117.86000000","q":"0.00689000","f":3258767248,"l":3258767248,"T":1698351468436,"m":false,"M":true,"price":34117.86,"quantity":0.00689,"first_trade":3258767248,"last_trade":3258767248,"trade_time":1698351468436,"is_market_maker":false,"is_best_price_match":true},{"a":2739851701,"p":"34118.03000000","q":"0.00065000","f":3258767249,"l":3258767249,"T":1698351468436,"m":false,"M":true,"price":34118.03,"quantity":0.00065,"first_trade":3258767249,"last_trade":3258767249,"trade_time":1698351468436,"is_market_maker":false,"is_best_price_match":true},{"a":2739851702,"p":"34118.04000000","q":"0.00212000","f":3258767250,"l":3258767250,"T":1698351468436,"m":false,"M":true,"price":34118.04,"quantity":0.00212,"first_trade":3258767250,"last_trade":3258767250,"trade_time":1698351468436,"is_market_maker":false,"is_best_price_match":true},{"a":2739851703,"p":"34118.12000000","q":"0.00129000","f":3258767251,"l":3258767251,"T":1698351468436,"m":false,"M":true,"price":34118.12,"quantity":0.00129,"first_trade":3258767251,"last_trade":3258767251,"trade_time":1698351468436,"is_market_maker":false,"is_best_price_match":true},{"a":2739851704,"p":"34118.44000000","q":"0.00065000","f":3258767252,"l":3258767252,"T":1698351468436,"m":false,"M":true,"price":34118.44,"quantity":0.00065,"first_trade":3258767252,"last_trade":3258767252,"trade_time":1698351468436,"is_market_maker":false,"is_best_price_match":true},{"a":2739851705,"p":"34118.76000000","q":"0.00212000","f":3258767253,"l":3258767253,"T":1698351468436,"m":false,"M":true,"price":34118.76,"quantity":0.00212,"first_trade":3258767253,"last_trade":3258767253,"trade_time":1698351468436,"is_market_maker":false,"is_best_price_match":true},{"a":2739851706,"p":"34118.82000000","q":"0.00663000","f":3258767254,"l":3258767254,"T":1698351468436,"m":false,"M":true,"price":34118.82,"quantity":0.00663,"first_trade":3258767254,"last_trade":3258767254,"trade_time":1698351468436,"is_market_maker":false,"is_best_price_match":true},{"a":2739851707,"p":"34118.85000000","q":"0.00065000","f":3258767255,"l":3258767255,"T":1698351468436,"m":false,"M":true,"price":34118.85,"quantity":0.00065,"first_trade":3258767255,"last_trade":3258767255,"trade_time":1698351468436,"is_market_maker":false,"is_best_price_match":true},{"a":2739851708,"p":"34118.86000000","q":"0.00129000","f":3258767256,"l":3258767256,"T":1698351468436,"m":false,"M":true,"price":34118.86,"quantity":0.00129,"first_trade":3258767256,"last_trade":3258767256,"trade_time":1698351468436,"is_market_maker":false,"is_best_price_match":true},{"a":2739851709,"p":"34119.26000000","q":"0.00065000","f":3258767257,"l":3258767257,"T":1698351468436,"m":false,"M":true,"price":34119.26,"quantity":0.00065,"first_trade":3258767257,"last_trade":3258767257,"trade_time":1698351468436,"is_market_maker":false,"is_best_price_match":true},{"a":2739851710,"p":"34119.47000000","q":"0.00867000","f":3258767258,"l":3258767258,"T":1698351468439,"m":true,"M":true,"price":34119.47,"quantity":0.00867,"first_trade":3258767258,"last_trade":3258767258,"trade_time":1698351468439,"is_market_maker":true,"is_best_price_match":true},{"a":2739851711,"p":"34119.48000000","q":"0.01539000","f":3258767259,"l":3258767260,"T":1698351468535,"m":false,"M":true,"price":34119.48,"quantity":0.01539,"first_trade":3258767259,"last_trade":3258767260,"trade_time":1698351468535,"is_market_maker":false,"is_best_price_match":true},{"a":2739851712,"p":"34119.53000000","q":"0.00043000","f":3258767261,"l":3258767261,"T":1698351468538,"m":false,"M":true,"price":34119.53,"quantity":0.00043,"first_trade":3258767261,"last_trade":3258767261,"trade_time":1698351468538,"is_market_maker":false,"is_best_price_match":true},{"a":2739851713,"p":"34119.60000000","q":"0.00129000","f":3258767262,"l":3258767262,"T":1698351468538,"m":false,"M":true,"price":34119.6,"quantity":0.00129,"first_trade":3258767262,"last_trade":3258767262,"trade_time":1698351468538,"is_market_maker":false,"is_best_price_match":true},{"a":2739851714,"p":"34119.67000000","q":"0.00065000","f":3258767263,"l":3258767263,"T":1698351468538,"m":false,"M":true,"price":34119.67,"quantity":0.00065,"first_trade":3258767263,"last_trade":3258767263,"trade_time":1698351468538,"is_market_maker":false,"is_best_price_match":true},{"a":2739851715,"p":"34120.00000000","q":"0.05862000","f":3258767264,"l":3258767264,"T":1698351468553,"m":false,"M":true,"price":34120.0,"quantity":0.05862,"first_trade":3258767264,"last_trade":3258767264,"trade_time":1698351468553,"is_market_maker":false,"is_best_price_match":true},{"a":2739851716,"p":"34120.08000000","q":"0.00065000","f":3258767265,"l":3258767265,"T":1698351468577,"m":false,"M":true,"price":34120.08,"quantity":0.00065,"first_trade":3258767265,"last_trade":3258767265,"trade_time":1698351468577,"is_market_maker":false,"is_best_price_match":true},{"a":2739851717,"p":"34120.20000000","q":"0.00212000","f":3258767266,"l":3258767266,"T":1698351468577,"m":false,"M":true,"price":34120.2,"quantity":0.00212,"first_trade":3258767266,"last_trade":3258767266,"trade_time":1698351468577,"is_market_maker":false,"is_best_price_match":true},{"a":2739851718,"p":"34120.21000000","q":"0.00020000","f":3258767267,"l":3258767267,"T":1698351468577,"m":false,"M":true,"price":34120.21,"quantity":0.0002,"first_trade":3258767267,"last_trade":3258767267,"trade_time":1698351468577,"is_market_maker":false,"is_best_price_match":true},{"a":2739851719,"p":"34120.34000000","q":"0.00129000","f":3258767268,"l":3258767268,"T":1698351468581,"m":false,"M":true,"price":34120.34,"quantity":0.00129,"first_trade":3258767268,"last_trade":3258767268,"trade_time":1698351468581,"is_market_maker":false,"is_best_price_match":true},{"a":2739851720,"p":"34120.49000000","q":"0.17137000","f":3258767269,"l":3258767270,"T":1698351468581,"m":false,"M":true,"price":34120.49,"quantity":0.17137,"first_trade":3258767269,"last_trade":3258767270,"trade_time":1698351468581,"is_market_maker":false,"is_best_price_match":true},{"a":2739851721,"p":"34120.79000000","q":"0.26185000","f":3258767271,"l":3258767271,"T":1698351468600,"m":false,"M":true,"price":34120.79,"quantity":0.26185,"first_trade":3258767271,"last_trade":3258767271,"trade_time":1698351468600,"is_market_maker":false,"is_best_price_match":true},{"a":2739851722,"p":"34120.90000000","q":"0.00065000","f":3258767272,"l":3258767272,"T":1698351468624,"m":false,"M":true,"price":34120.9,"quantity":0.00065,"first_trade":3258767272,"last_trade":3258767272,"trade_time":1698351468624,"is_market_maker":false,"is_best_price_match":true},{"a":2739851723,"p":"34120.92000000","q":"0.00212000","f":3258767273,"l":3258767273,"T":1698351468624,"m":false,"M":true,"price":34120.92,"quantity":0.00212,"first_trade":3258767273,"last_trade":3258767273,"trade_time":1698351468624,"is_market_maker":false,"is_best_price_match":true},{"a":2739851724,"p":"34121.01000000","q":"0.00588000","f":3258767274,"l":3258767274,"T":1698351468624,"m":false,"M":true,"price":34121.01,"quantity":0.00588,"first_trade":3258767274,"last_trade":3258767274,"trade_time":1698351468624,"is_market_maker":false,"is_best_price_match":true},{"a":2739851725,"p":"34121.08000000","q":"0.00129000","f":3258767275,"l":3258767275,"T":1698351468624,"m":false,"M":true,"price":34121.08,"quantity":0.00129,"first_trade":3258767275,"last_trade":3258767275,"trade_time":1698351468624,"is_market_maker":false,"is_best_price_match":true},{"a":2739851726,"p":"34121.28000000","q":"0.00049000","f":3258767276,"l":3258767276,"T":1698351468626,"m":false,"M":true,"price":34121.28,"quantity":0.00049,"first_trade":3258767276,"last_trade":3258767276,"trade_time":1698351468626,"is_market_maker":false,"is_best_price_match":true},{"a":2739851727,"p":"34121.31000000","q":"0.00065000","f":3258767277,"l":3258767277,"T":1698351468626,"m":false,"M":true,"price":34121.31,"quantity":0.00065,"first_trade":3258767277,"last_trade":3258767277,"trade_time":1698351468626,"is_market_maker":false,"is_best_price_match":true},{"a":2739851728,"p":"34121.64000000","q":"0.00212000","f":3258767278,"l":3258767278,"T":1698351468634,"m":false,"M":true,"price":34121.64,"quantity":0.00212,"first_trade":3258767278,"last_trade":3258767278,"trade_time":1698351468634,"is_market_maker":false,"is_best_price_match":true},{"a":2739851729,"p":"34121.72000000","q":"0.00065000","f":3258767279,"l":3258767279,"T":1698351468634,"m":false,"M":true,"price":34121.72,"quantity":0.00065,"first_trade":3258767279,"last_trade":3258767279,"trade_time":1698351468634,"is_market_maker":false,"is_best_price_match":true},{"a":2739851730,"p":"34121.82000000","q":"0.00129000","f":3258767280,"l":3258767280,"T":1698351468634,"m":false,"M":true,"price":34121.82,"quantity":0.00129,"first_trade":3258767280,"last_trade":3258767280,"trade_time":1698351468634,"is_market_maker":false,"is_best_price_match":true},{"a":2739851731,"p":"34121.86000000","q":"0.00048000","f":3258767281,"l":3258767281,"T":1698351468634,"m":false,"M":true,"price":34121.86,"quantity":0.00048,"first_trade":3258767281,"last_trade":3258767281,"trade_time":1698351468634,"is_market_maker":false,"is_best_price_match":true},{"a":2739851732,"p":"34121.92000000","q":"0.00673000","f":3258767282,"l":3258767282,"T":1698351468634,"m":false,"M":true,"price":34121.92,"quantity":0.00673,"first_trade":3258767282,"last_trade":3258767282,"trade_time":1698351468634,"is_market_maker":false,"is_best_price_match":true},{"a":2739851733,"p":"34121.98000000","q":"0.16654000","f":3258767283,"l":3258767283,"T":1698351468678,"m":false,"M":true,"price":34121.98,"quantity":0.16654,"first_trade":3258767283,"last_trade":3258767283,"trade_time":1698351468678,"is_market_maker":false,"is_best_price_match":true},{"a":2739851734,"p":"34121.98000000","q":"0.17131000","f":3258767284,"l":3258767284,"T":1698351468738,"m":false,"M":true,"price":34121.98,"quantity":0.17131,"first_trade":3258767284,"last_trade":3258767284,"trade_time":1698351468738,"is_market_maker":false,"is_best_price_match":true},{"a":2739851735,"p":"34121.98000000","q":"0.17126000","f":3258767285,"l":3258767285,"T":1698351468808,"m":false,"M":true,"price":34121.98,"quantity":0.17126,"first_trade":3258767285,"last_trade":3258767285,"trade_time":1698351468808,"is_market_maker":false,"is_best_price_match":true},{"a":2739851736,"p":"34121.98000000","q":"0.16228000","f":3258767286,"l":3258767286,"T":1698351468903,"m":false,"M":true,"price":34121.98,"quantity":0.16228,"first_trade":3258767286,"last_trade":3258767286,"trade_time":1698351468903,"is_market_maker":false,"is_best_price_match":true},{"a":2739851737,"p":"34121.97000000","q":"0.20684000","f":3258767287,"l":3258767288,"T":1698351468908,"m":true,"M":true,"price":34121.97,"quantity":0.20684,"first_trade":3258767287,"last_trade":3258767288,"trade_time":1698351468908,"is_market_maker":true,"is_best_price_match":true},{"a":2739851738,"p":"34121.97000000","q":"0.00457000","f":3258767289,"l":3258767289,"T":1698351469150,"m":true,"M":true,"price":34121.97,"quantity":0.00457,"first_trade":3258767289,"last_trade":3258767289,"trade_time":1698351469150,"is_market_maker":true,"is_best_price_match":true},{"a":2739851739,"p":"34121.98000000","q":"0.15834000","f":3258767290,"l":3258767290,"T":1698351469177,"m":false,"M":true,"price":34121.98,"quantity":0.15834,"first_trade":3258767290,"last_trade":3258767290,"trade_time":1698351469177,"is_market_maker":false,"is_best_price_match":true},{"a":2739851740,"p":"34121.98000000","q":"0.15264000","f":3258767291,"l":3258767291,"T":1698351469235,"m":false,"M":true,"price":34121.98,"quantity":0.15264,"first_trade":3258767291,"last_trade":3258767291,"trade_time":1698351469235,"is_market_maker":false,"is_best_price_match":true},{"a":2739851741,"p":"34121.98000000","q":"0.14952000","f":3258767292,"l":3258767292,"T":1698351469325,"m":false,"M":true,"price":34121.98,"quantity":0.14952,"first_trade":3258767292,"last_trade":3258767292,"trade_time":1698351469325,"is_market_maker":false,"is_best_price_match":true},{"a":2739851742,"p":"34121.97000000","q":"0.01611000","f":3258767293,"l":3258767293,"T":1698351469818,"m":true,"M":true,"price":34121.97,"quantity":0.01611,"first_trade":3258767293,"last_trade":3258767293,"trade_time":1698351469818,"is_market_maker":true,"is_best_price_match":true},{"a":2739851743,"p":"34121.98000000","q":"0.14947000","f":3258767294,"l":3258767294,"T":1698351470316,"m":false,"M":true,"price":34121.98,"quantity":0.14947,"first_trade":3258767294,"last_trade":3258767294,"trade_time":1698351470316,"is_market_maker":false,"is_best_price_match":true},{"a":2739851744,"p":"34121.98000000","q":"0.75005000","f":3258767295,"l":3258767295,"T":1698351470386,"m":false,"M":true,"price":34121.98,"quantity":0.75005,"first_trade":3258767295,"last_trade":3258767295,"trade_time":1698351470386,"is_market_maker":false,"is_best_price_match":true},{"a":2739851745,"p":"34121.98000000","q":"1.09449000","f":3258767296,"l":3258767296,"T":1698351470390,"m":false,"M":true,"price":34121.98,"quantity":1.09449,"first_trade":3258767296,"last_trade":3258767296,"trade_time":1698351470390,"is_market_maker":false,"is_best_price_match":true},{"a":2739851746,"p":"34121.98000000","q":"1.82637000","f":3258767297,"l":3258767314,"T":1698351470390,"m":false,"M":true,"price":34121.98,"quantity":1.82637,"first_trade":3258767297,"last_trade":3258767314,"trade_time":1698351470390,"is_market_maker":false,"is_best_price_match":true},{"a":2739851747,"p":"34121.99000000","q":"0.36117000","f":3258767315,"l":3258767318,"T":1698351470390,"m":false,"M":true,"price":34121.99,"quantity":0.36117,"first_trade":3258767315,"last_trade":3258767318,"trade_time":1698351470390,"is_market_maker":false,"is_best_price_match":true},{"a":2739851748,"p":"34121.99000000","q":"0.58161000","f":3258767319,"l":3258767321,"T":1698351470390,"m":false,"M":true,"price":34121.99,"quantity":0.58161,"first_trade":3258767319,"last_trade":3258767321,"trade_time":1698351470390,"is_market_maker":false,"is_best_price_match":true},{"a":2739851749,"p":"34121.99000000","q":"0.57516000","f":3258767322,"l":3258767330,"T":1698351470393,"m":false,"M":true,"price":34121.99,"quantity":0.57516,"first_trade":3258767322,"last_trade":3258767330,"trade_time":1698351470393,"is_market_maker":false,"is_best_price_match":true},{"a":2739851750,"p":"34121.99000000","q":"0.02281000","f":3258767331,"l":3258767331,"T":1698351470393,"m":false,"M":true,"price":34121.99,"quantity":0.02281,"first_trade":3258767331,"last_trade":3258767331,"trade_time":1698351470393,"is_market_maker":false,"is_best_price_match":true},{"a":2739851751,"p":"34122.13000000","q":"0.00065000","f":3258767332,"l":3258767332,"T":1698351470393,"m":false,"M":true,"price":34122.13,"quantity":0.00065,"first_trade":3258767332,"last_trade":3258767332,"trade_time":1698351470393,"is_market_maker":false,"is_best_price_match":true},{"a":2739851752,"p":"34122.36000000","q":"0.00212000","f":3258767333,"l":3258767333,"T":1698351470393,"m":false,"M":true,"price":34122.36,"quantity":0.00212,"first_trade":3258767333,"last_trade":3258767333,"trade_time":1698351470393,"is_market_maker":false,"is_best_price_match":true},{"a":2739851753,"p":"34122.54000000","q":"0.00065000","f":3258767334,"l":3258767334,"T":1698351470393,"m":false,"M":true,"price":34122.54,"quantity":0.00065,"first_trade":3258767334,"last_trade":3258767334,"trade_time":1698351470393,"is_market_maker":false,"is_best_price_match":true},{"a":2739851754,"p":"34122.56000000","q":"0.00129000","f":3258767335,"l":3258767335,"T":1698351470393,"m":false,"M":true,"price":34122.56,"quantity":0.00129,"first_trade":3258767335,"last_trade":3258767335,"trade_time":1698351470393,"is_market_maker":false,"is_best_price_match":true},{"a":2739851755,"p":"34122.86000000","q":"0.00085000","f":3258767336,"l":3258767336,"T":1698351470393,"m":false,"M":true,"price":34122.86,"quantity":0.00085,"first_trade":3258767336,"last_trade":3258767336,"trade_time":1698351470393,"is_market_maker":false,"is_best_price_match":true},{"a":2739851756,"p":"34122.94000000","q":"0.00089000","f":3258767337,"l":3258767337,"T":1698351470393,"m":false,"M":true,"price":34122.94,"quantity":0.00089,"first_trade":3258767337,"last_trade":3258767337,"trade_time":1698351470393,"is_market_maker":false,"is_best_price_match":true},{"a":2739851757,"p":"34122.95000000","q":"0.00065000","f":3258767338,"l":3258767338,"T":1698351470393,"m":false,"M":true,"price":34122.95,"quantity":0.00065,"first_trade":3258767338,"last_trade":3258767338,"trade_time":1698351470393,"is_market_maker":false,"is_best_price_match":true},{"a":2739851758,"p":"34123.01000000","q":"0.04596000","f":3258767339,"l":3258767339,"T":1698351470393,"m":false,"M":true,"price":34123.01,"quantity":0.04596,"first_trade":3258767339,"last_trade":3258767339,"trade_time":1698351470393,"is_market_maker":false,"is_best_price_match":true},{"a":2739851759,"p":"34123.02000000","q":"0.07658000","f":3258767340,"l":3258767340,"T":1698351470393,"m":false,"M":true,"price":34123.02,"quantity":0.07658,"first_trade":3258767340,"last_trade":3258767340,"trade_time":1698351470393,"is_market_maker":false,"is_best_price_match":true},{"a":2739851760,"p":"34123.08000000","q":"0.00212000","f":3258767341,"l":3258767341,"T":1698351470394,"m":false,"M":true,"price":34123.08,"quantity":0.00212,"first_trade":3258767341,"last_trade":3258767341,"trade_time":1698351470394,"is_market_maker":false,"is_best_price_match":true},{"a":2739851761,"p":"34123.30000000","q":"0.00129000","f":3258767342,"l":3258767342,"T":1698351470394,"m":false,"M":true,"price":34123.3,"quantity":0.00129,"first_trade":3258767342,"last_trade":3258767342,"trade_time":1698351470394,"is_market_maker":false,"is_best_price_match":true},{"a":2739851762,"p":"34123.36000000","q":"0.00065000","f":3258767343,"l":3258767343,"T":1698351470394,"m":false,"M":true,"price":34123.36,"quantity":0.00065,"first_trade":3258767343,"last_trade":3258767343,"trade_time":1698351470394,"is_market_maker":false,"is_best_price_match":true},{"a":2739851763,"p":"34123.77000000","q":"0.00065000","f":3258767344,"l":3258767344,"T":1698351470394,"m":false,"M":true,"price":34123.77,"quantity":0.00065,"first_trade":3258767344,"last_trade":3258767344,"trade_time":1698351470394,"is_market_maker":false,"is_best_price_match":true},{"a":2739851764,"p":"34123.80000000","q":"0.00212000","f":3258767345,"l":3258767345,"T":1698351470394,"m":false,"M":true,"price":34123.8,"quantity":0.00212,"first_trade":3258767345,"last_trade":3258767345,"trade_time":1698351470394,"is_market_maker":false,"is_best_price_match":true},{"a":2739851765,"p":"34123.98000000","q":"0.00200000","f":3258767346,"l":3258767346,"T":1698351470394,"m":false,"M":true,"price":34123.98,"quantity":0.002,"first_trade":3258767346,"last_trade":3258767346,"trade_time":1698351470394,"is_market_maker":false,"is_best_price_match":true},{"a":2739851766,"p":"34124.04000000","q":"0.00129000","f":3258767347,"l":3258767347,"T":1698351470394,"m":false,"M":true,"price":34124.04,"quantity":0.00129,"first_trade":3258767347,"last_trade":3258767347,"trade_time":1698351470394,"is_market_maker":false,"is_best_price_match":true},{"a":2739851767,"p":"34124.17000000","q":"0.08156000","f":3258767348,"l":3258767348,"T":1698351470408,"m":true,"M":true,"price":34124.17,"quantity":0.08156,"first_trade":3258767348,"last_trade":3258767348,"trade_time":1698351470408,"is_market_maker":true,"is_best_price_match":true},{"a":2739851768,"p":"34124.18000000","q":"0.00064000","f":3258767349,"l":3258767349,"T":1698351470412,"m":false,"M":true,"price":34124.18,"quantity":0.00064,"first_trade":3258767349,"last_trade":3258767349,"trade_time":1698351470412,"is_market_maker":false,"is_best_price_match":true},{"a":2739851769,"p":"34124.18000000","q":"0.00016000","f":3258767350,"l":3258767351,"T":1698351470417,"m":false,"M":true,"price":34124.18,"quantity":0.00016,"first_trade":3258767350,"last_trade":3258767351,"trade_time":1698351470417,"is_market_maker":false,"is_best_price_match":true},{"a":2739851770,"p":"34124.17000000","q":"0.00215000","f":3258767352,"l":3258767352,"T":1698351470421,"m":true,"M":true,"price":34124.17,"quantity":0.00215,"first_trade":3258767352,"last_trade":3258767352,"trade_time":1698351470421,"is_market_maker":true,"is_best_price_match":true},{"a":2739851771,"p":"34124.18000000","q":"0.03938000","f":3258767353,"l":3258767356,"T":1698351470436,"m":false,"M":true,"price":34124.18,"quantity":0.03938,"first_trade":3258767353,"last_trade":3258767356,"trade_time":1698351470436,"is_market_maker":false,"is_best_price_match":true},{"a":2739851772,"p":"34124.52000000","q":"0.00212000","f":3258767357,"l":3258767357,"T":1698351470436,"m":false,"M":true,"price":34124.52,"quantity":0.00212,"first_trade":3258767357,"last_trade":3258767357,"trade_time":1698351470436,"is_market_maker":false,"is_best_price_match":true},{"a":2739851773,"p":"34124.59000000","q":"0.00065000","f":3258767358,"l":3258767358,"T":1698351470436,"m":false,"M":true,"price":34124.59,"quantity":0.00065,"first_trade":3258767358,"last_trade":3258767358,"trade_time":1698351470436,"is_market_maker":false,"is_best_price_match":true},{"a":2739851774,"p":"34124.65000000","q":"0.00668000","f":3258767359,"l":3258767359,"T":1698351470440,"m":false,"M":true,"price":34124.65,"quantity":0.00668,"first_trade":3258767359,"last_trade":3258767359,"trade_time":1698351470440,"is_market_maker":false,"is_best_price_match":true},{"a":2739851775,"p":"34124.78000000","q":"0.00129000","f":3258767360,"l":3258767360,"T":1698351470440,"m":false,"M":true,"price":34124.78,"quantity":0.00129,"first_trade":3258767360,"last_trade":3258767360,"trade_time":1698351470440,"is_market_maker":false,"is_best_price_match":true},{"a":2739851776,"p":"34125.00000000","q":"0.00065000","f":3258767361,"l":3258767361,"T":1698351470440,"m":false,"M":true,"price":34125.0,"quantity":0.00065,"first_trade":3258767361,"last_trade":3258767361,"trade_time":1698351470440,"is_market_maker":false,"is_best_price_match":true},{"a":2739851777,"p":"34125.20000000","q":"0.01456000","f":3258767362,"l":3258767362,"T":1698351470440,"m":false,"M":true,"price":34125.2,"quantity":0.01456,"first_trade":3258767362,"last_trade":3258767362,"trade_time":1698351470440,"is_market_maker":false,"is_best_price_match":true},{"a":2739851778,"p":"34125.24000000","q":"0.00212000","f":3258767363,"l":3258767363,"T":1698351470443,"m":false,"M":true,"price":34125.24,"quantity":0.00212,"first_trade":3258767363,"last_trade":3258767363,"trade_time":1698351470443,"is_market_maker":false,"is_best_price_match":true},{"a":2739851779,"p":"34125.25000000","q":"0.00020000","f":3258767364,"l":3258767364,"T":1698351470443,"m":false,"M":true,"price":34125.25,"quantity":0.0002,"first_trade":3258767364,"last_trade":3258767364,"trade_time":1698351470443,"is_market_maker":false,"is_best_price_match":true},{"a":2739851780,"p":"34125.41000000","q":"0.00065000","f":3258767365,"l":3258767365,"T":1698351470443,"m":false,"M":true,"price":34125.41,"quantity":0.00065,"first_trade":3258767365,"last_trade":3258767365,"trade_time":1698351470443,"is_market_maker":false,"is_best_price_match":true},{"a":2739851781,"p":"34125.52000000","q":"0.00129000","f":3258767366,"l":3258767366,"T":1698351470443,"m":false,"M":true,"price":34125.52,"quantity":0.00129,"first_trade":3258767366,"last_trade":3258767366,"trade_time":1698351470443,"is_market_maker":false,"is_best_price_match":true},{"a":2739851782,"p":"34125.82000000","q":"0.00065000","f":3258767367,"l":3258767367,"T":1698351470443,"m":false,"M":true,"price":34125.82,"quantity":0.00065,"first_trade":3258767367,"last_trade":3258767367,"trade_time":1698351470443,"is_market_maker":false,"is_best_price_match":true},{"a":2739851783,"p":"34125.89000000","q":"0.00652000","f":3258767368,"l":3258767368,"T":1698351470443,"m":false,"M":true,"price":34125.89,"quantity":0.00652,"first_trade":3258767368,"last_trade":3258767368,"trade_time":1698351470443,"is_market_maker":false,"is_best_price_match":true},{"a":2739851784,"p":"34125.90000000","q":"0.00048000","f":3258767369,"l":3258767369,"T":1698351470443,"m":false,"M":true,"price":34125.9,"quantity":0.00048,"first_trade":3258767369,"last_trade":3258767369,"trade_time":1698351470443,"is_market_maker":false,"is_best_price_match":true},{"a":2739851785,"p":"34125.96000000","q":"0.00212000","f":3258767370,"l":3258767370,"T":1698351470480,"m":false,"M":true,"price":34125.96,"quantity":0.00212,"first_trade":3258767370,"last_trade":3258767370,"trade_time":1698351470480,"is_market_maker":false,"is_best_price_match":true},{"a":2739851786,"p":"34126.23000000","q":"0.00065000","f":3258767371,"l":3258767371,"T":1698351470480,"m":false,"M":true,"price":34126.23,"quantity":0.00065,"first_trade":3258767371,"last_trade":3258767371,"trade_time":1698351470480,"is_market_maker":false,"is_best_price_match":true},{"a":2739851787,"p":"34126.26000000","q":"0.00129000","f":3258767372,"l":3258767372,"T":1698351470480,"m":false,"M":true,"price":34126.26,"quantity":0.00129,"first_trade":3258767372,"last_trade":3258767372,"trade_time":1698351470480,"is_market_maker":false,"is_best_price_match":true},{"a":2739851788,"p":"34126.54000000","q":"0.02042000","f":3258767373,"l":3258767373,"T":1698351470480,"m":false,"M":true,"price":34126.54,"quantity":0.02042,"first_trade":3258767373,"last_trade":3258767373,"trade_time":1698351470480,"is_market_maker":false,"is_best_price_match":true},{"a":2739851789,"p":"34126.54000000","q":"0.06680000","f":3258767374,"l":3258767374,"T":1698351470492,"m":false,"M":true,"price":34126.54,"quantity":0.0668,"first_trade":3258767374,"last_trade":3258767374,"trade_time":1698351470492,"is_market_maker":false,"is_best_price_match":true},{"a":2739851790,"p":"34126.64000000","q":"0.00065000","f":3258767375,"l":3258767375,"T":1698351470521,"m":false,"M":true,"price":34126.64,"quantity":0.00065,"first_trade":3258767375,"last_trade":3258767375,"trade_time":1698351470521,"is_market_maker":false,"is_best_price_match":true},{"a":2739851791,"p":"34126.68000000","q":"0.00212000","f":3258767376,"l":3258767376,"T":1698351470521,"m":false,"M":true,"price":34126.68,"quantity":0.00212,"first_trade":3258767376,"last_trade":3258767376,"trade_time":1698351470521,"is_market_maker":false,"is_best_price_match":true},{"a":2739851792,"p":"34126.69000000","q":"0.00030000","f":3258767377,"l":3258767377,"T":1698351470521,"m":false,"M":true,"price":34126.69,"quantity":0.0003,"first_trade":3258767377,"last_trade":3258767377,"trade_time":1698351470521,"is_market_maker":false,"is_best_price_match":true},{"a":2739851793,"p":"34126.92000000","q":"0.00048000","f":3258767378,"l":3258767378,"T":1698351470521,"m":false,"M":true,"price":34126.92,"quantity":0.00048,"first_trade":3258767378,"last_trade":3258767378,"trade_time":1698351470521,"is_market_maker":false,"is_best_price_match":true},{"a":2739851794,"p":"34127.00000000","q":"0.00129000","f":3258767379,"l":3258767379,"T":1698351470521,"m":false,"M":true,"price":34127.0,"quantity":0.00129,"first_trade":3258767379,"last_trade":3258767379,"trade_time":1698351470521,"is_market_maker":false,"is_best_price_match":true},{"a":2739851795,"p":"34127.04000000","q":"0.00020000","f":3258767380,"l":3258767380,"T":1698351470521,"m":false,"M":true,"price":34127.04,"quantity":0.0002,"first_trade":3258767380,"last_trade":3258767380,"trade_time":1698351470521,"is_market_maker":false,"is_best_price_match":true},{"a":2739851796,"p":"34127.05000000","q":"0.00065000","f":3258767381,"l":3258767381,"T":1698351470521,"m":false,"M":true,"price":34127.05,"quantity":0.00065,"first_trade":3258767381,"last_trade":3258767381,"trade_time":1698351470521,"is_market_maker":false,"is_best_price_match":true},{"a":2739851797,"p":"34127.06000000","q":"0.05850000","f":3258767382,"l":3258767385,"T":1698351470543,"m":false,"M":true,"price":34127.06,"quantity":0.0585,"first_trade":3258767382,"last_trade":3258767385,"trade_time":1698351470543,"is_market_maker":false,"is_best_price_match":true},{"a":2739851798,"p":"34127.40000000","q":"0.00212000","f":3258767386,"l":3258767386,"T":1698351470543,"m":false,"M":true,"price":34127.4,"quantity":0.00212,"first_trade":3258767386,"last_trade":3258767386,"trade_time":1698351470543,"is_market_maker":false,"is_best_price_match":true},{"a":2739851799,"p":"34127.46000000","q":"0.00065000","f":3258767387,"l":3258767387,"T":1698351470543,"m":false,"M":true,"price":34127.46,"quantity":0.00065,"first_trade":3258767387,"last_trade":3258767387,"trade_time":1698351470543,"is_market_maker":false,"is_best_price_match":true},{"a":2739851800,"p":"34127.74000000","q":"0.00129000","f":3258767388,"l":3258767388,"T":1698351470543,"m":false,"M":true,"price":34127.74,"quantity":0.00129,"first_trade":3258767388,"last_trade":3258767388,"trade_time":1698351470543,"is_market_maker":false,"is_best_price_match":true},{"a":2739851801,"p":"34127.87000000","q":"0.00065000","f":3258767389,"l":3258767389,"T":1698351470543,"m":false,"M":true,"price":34127.87,"quantity":0.00065,"first_trade":3258767389,"last_trade":3258767389,"trade_time":1698351470543,"is_market_maker":false,"is_best_price_match":true},{"a":2739851802,"p":"34127.96000000","q":"0.00638000","f":3258767390,"l":3258767390,"T":1698351470543,"m":false,"M":true,"price":34127.96,"quantity":0.00638,"first_trade":3258767390,"last_trade":3258767390,"trade_time":1698351470543,"is_market_maker":false,"is_best_price_match":true},{"a":2739851803,"p":"34128.11000000","q":"0.00208000","f":3258767391,"l":3258767391,"T":1698351470555,"m":true,"M":true,"price":34128.11,"quantity":0.00208,"first_trade":3258767391,"last_trade":3258767391,"trade_time":1698351470555,"is_market_maker":true,"is_best_price_match":true},{"a":2739851804,"p":"34128.12000000","q":"0.00212000","f":3258767392,"l":3258767392,"T":1698351470562,"m":false,"M":true,"price":34128.12,"quantity":0.00212,"first_trade":3258767392,"last_trade":3258767392,"trade_time":1698351470562,"is_market_maker":false,"is_best_price_match":true},{"a":2739851805,"p":"34128.28000000","q":"0.00065000","f":3258767393,"l":3258767393,"T":1698351470562,"m":false,"M":true,"price":34128.28,"quantity":0.00065,"first_trade":3258767393,"last_trade":3258767393,"trade_time":1698351470562,"is_market_maker":false,"is_best_price_match":true},{"a":2739851806,"p":"34128.48000000","q":"0.00129000","f":3258767394,"l":3258767394,"T":1698351470562,"m":false,"M":true,"price":34128.48,"quantity":0.00129,"first_trade":3258767394,"last_trade":3258767394,"trade_time":1698351470562,"is_market_maker":false,"is_best_price_match":true},{"a":2739851807,"p":"34128.69000000","q":"0.00065000","f":3258767395,"l":3258767395,"T":1698351470562,"m":false,"M":true,"price":34128.69,"quantity":0.00065,"first_trade":3258767395,"last_trade":3258767395,"trade_time":1698351470562,"is_market_maker":false,"is_best_price_match":true},{"a":2739851808,"p":"34128.84000000","q":"0.00212000","f":3258767396,"l":3258767396,"T":1698351470562,"m":false,"M":true,"price":34128.84,"quantity":0.00212,"first_trade":3258767396,"last_trade":3258767396,"trade_time":1698351470562,"is_market_maker":false,"is_best_price_match":true},{"a":2739851809,"p":"34129.10000000","q":"0.00065000","f":3258767397,"l":3258767397,"T":1698351470600,"m":false,"M":true,"price":34129.1,"quantity":0.00065,"first_trade":3258767397,"last_trade":3258767397,"trade_time":1698351470600,"is_market_maker":false,"is_best_price_match":true},{"a":2739851810,"p":"34129.22000000","q":"0.00129000","f":3258767398,"l":3258767398,"T":1698351470600,"m":false,"M":true,"price":34129.22,"quantity":0.00129,"first_trade":3258767398,"last_trade":3258767398,"trade_time":1698351470600,"is_market_maker":false,"is_best_price_match":true},{"a":2739851811,"p":"34129.36000000","q":"0.00657000","f":3258767399,"l":3258767399,"T":1698351470600,"m":false,"M":true,"price":34129.36,"quantity":0.00657,"first_trade":3258767399,"last_trade":3258767399,"trade_time":1698351470600,"is_market_maker":false,"is_best_price_match":true},{"a":2739851812,"p":"34129.51000000","q":"0.00065000","f":3258767400,"l":3258767400,"T":1698351470602,"m":false,"M":true,"price":34129.51,"quantity":0.00065,"first_trade":3258767400,"last_trade":3258767400,"trade_time":1698351470602,"is_market_maker":false,"is_best_price_match":true},{"a":2739851813,"p":"34129.56000000","q":"0.00212000","f":3258767401,"l":3258767401,"T":1698351470602,"m":false,"M":true,"price":34129.56,"quantity":0.00212,"first_trade":3258767401,"last_trade":3258767401,"trade_time":1698351470602,"is_market_maker":false,"is_best_price_match":true},{"a":2739851814,"p":"34129.92000000","q":"0.00065000","f":3258767402,"l":3258767402,"T":1698351470602,"m":false,"M":true,"price":34129.92,"quantity":0.00065,"first_trade":3258767402,"last_trade":3258767402,"trade_time":1698351470602,"is_market_maker":false,"is_best_price_match":true},{"a":2739851815,"p":"34129.95000000","q":"0.00269000","f":3258767403,"l":3258767403,"T":1698351470633,"m":true,"M":true,"price":34129.95,"quantity":0.00269,"first_trade":3258767403,"last_trade":3258767403,"trade_time":1698351470633,"is_market_maker":true,"is_best_price_match":true},{"a":2739851816,"p":"34129.96000000","q":"0.00129000","f":3258767404,"l":3258767404,"T":1698351470640,"m":false,"M":true,"price":34129.96,"quantity":0.00129,"first_trade":3258767404,"last_trade":3258767404,"trade_time":1698351470640,"is_market_maker":false,"is_best_price_match":true},{"a":2739851817,"p":"34129.99000000","q":"0.00139000","f":3258767405,"l":3258767406,"T":1698351470686,"m":true,"M":true,"price":34129.99,"quantity":0.00139,"first_trade":3258767405,"last_trade":3258767406,"trade_time":1698351470686,"is_market_maker":true,"is_best_price_match":true},{"a":2739851818,"p":"34129.99000000","q":"0.00034000","f":3258767407,"l":3258767407,"T":1698351470783,"m":true,"M":true,"price":34129.99,"quantity":0.00034,"first_trade":3258767407,"last_trade":3258767407,"trade_time":1698351470783,"is_market_maker":true,"is_best_price_match":true},{"a":2739851819,"p":"34130.00000000","q":"0.00622000","f":3258767408,"l":3258767408,"T":1698351470871,"m":false,"M":true,"price":34130.0,"quantity":0.00622,"first_trade":3258767408,"last_trade":3258767408,"trade_time":1698351470871,"is_market_maker":false,"is_best_price_match":true},{"a":2739851820,"p":"34130.00000000","q":"0.00923000","f":3258767409,"l":3258767410,"T":1698351470962,"m":false,"M":true,"price":34130.0,"quantity":0.00923,"first_trade":3258767409,"last_trade":3258767410,"trade_time":1698351470962,"is_market_maker":false,"is_best_price_match":true},{"a":2739851821,"p":"34130.00000000","q":"0.06934000","f":3258767411,"l":3258767413,"T":1698351471109,"m":false,"M":true,"price":34130.0,"quantity":0.06934,"first_trade":3258767411,"last_trade":3258767413,"trade_time":1698351471109,"is_market_maker":false,"is_best_price_match":true},{"a":2739851822,"p":"34129.99000000","q":"0.00058000","f":3258767414,"l":3258767414,"T":1698351471282,"m":true,"M":true,"price":34129.99,"quantity":0.00058,"first_trade":3258767414,"last_trade":3258767414,"trade_time":1698351471282,"is_market_maker":true,"is_best_price_match":true},{"a":2739851823,"p":"34129.99000000","q":"0.00131000","f":3258767415,"l":3258767415,"T":1698351471294,"m":true,"M":true,"price":34129.99,"quantity":0.00131,"first_trade":3258767415,"last_trade":3258767415,"trade_time":1698351471294,"is_market_maker":true,"is_best_price_match":true},{"a":2739851824,"p":"34130.00000000","q":"0.03565000","f":3258767416,"l":3258767416,"T":1698351471514,"m":false,"M":true,"price":34130.0,"quantity":0.03565,"first_trade":3258767416,"last_trade":3258767416,"trade_time":1698351471514,"is_market_maker":false,"is_best_price_match":true},{"a":2739851825,"p":"34130.00000000","q":"0.87141000","f":3258767417,"l":3258767424,"T":1698351471516,"m":false,"M":true,"price":34130.0,"quantity":0.87141,"first_trade":3258767417,"last_trade":3258767424,"trade_time":1698351471516,"is_market_maker":false,"is_best_price_match":true},{"a":2739851826,"p":"34130.00000000","q":"0.10493000","f":3258767425,"l":3258767431,"T":1698351471519,"m":false,"M":true,"price":34130.0,"quantity":0.10493,"first_trade":3258767425,"last_trade":3258767431,"trade_time":1698351471519,"is_market_maker":false,"is_best_price_match":true},{"a":2739851827,"p":"34130.28000000","q":"0.00212000","f":3258767432,"l":3258767432,"T":1698351471520,"m":false,"M":true,"price":34130.28,"quantity":0.00212,"first_trade":3258767432,"last_trade":3258767432,"trade_time":1698351471520,"is_market_maker":false,"is_best_price_match":true},{"a":2739851828,"p":"34130.33000000","q":"0.00065000","f":3258767433,"l":3258767433,"T":1698351471520,"m":false,"M":true,"price":34130.33,"quantity":0.00065,"first_trade":3258767433,"last_trade":3258767433,"trade_time":1698351471520,"is_market_maker":false,"is_best_price_match":true},{"a":2739851829,"p":"34130.34000000","q":"0.02935000","f":3258767434,"l":3258767434,"T":1698351471520,"m":false,"M":true,"price":34130.34,"quantity":0.02935,"first_trade":3258767434,"last_trade":3258767434,"trade_time":1698351471520,"is_market_maker":false,"is_best_price_match":true},{"a":2739851830,"p":"34130.41000000","q":"0.00020000","f":3258767435,"l":3258767435,"T":1698351471524,"m":false,"M":true,"price":34130.41,"quantity":0.0002,"first_trade":3258767435,"last_trade":3258767435,"trade_time":1698351471524,"is_market_maker":false,"is_best_price_match":true},{"a":2739851831,"p":"34130.70000000","q":"0.00129000","f":3258767436,"l":3258767436,"T":1698351471535,"m":false,"M":true,"price":34130.7,"quantity":0.00129,"first_trade":3258767436,"last_trade":3258767436,"trade_time":1698351471535,"is_market_maker":false,"is_best_price_match":true},{"a":2739851832,"p":"34130.74000000","q":"0.00065000","f":3258767437,"l":3258767437,"T":1698351471535,"m":false,"M":true,"price":34130.74,"quantity":0.00065,"first_trade":3258767437,"last_trade":3258767437,"trade_time":1698351471535,"is_market_maker":false,"is_best_price_match":true},{"a":2739851833,"p":"34130.87000000","q":"0.00656000","f":3258767438,"l":3258767438,"T":1698351471535,"m":false,"M":true,"price":34130.87,"quantity":0.00656,"first_trade":3258767438,"last_trade":3258767438,"trade_time":1698351471535,"is_market_maker":false,"is_best_price_match":true}